3394 5262
365 395 431 472 404
913 415 1039 473 onustes

456 588 528 650 789.
551 595 598 669 τῷ
620 587 729 669 χρόνῳ
753 585 804 670 δέ]
828 587 881 649 καὶ
903 587 1011 668 χρόνῳ
1036 610 1070 668 γε
1093 585 1213 650 Heims.
1236 591 1283 667 τῷ
1306 581 1415 667 χρόνῳ
1439 609 1471 648 τε
1487 581 1585 647 Herw.

456 676 528 738 790.
552 676 637 738 κεῖνά
659 699 716 757 μοι
738 677 839 758 μόνον
862 675 1052 758 πρόσαντες]
1077 674 1121 738 01.
1145 673 1317 738 1111113111.
1341 673 1407 737 ἀλλ’
1431 675 1466 736 ἕν
1489 677 1517 736 τί
1536 699 1586 756 μοι

365 765 546 849 πρόσαντες.
572 766 645 828 305.
668 764 735 848 Iph.
758 765 790 827 Τ.
817 765 910 827 1012.

456 856 528 917 793.
552 853 617 917 τύδ’
642 852 699 917 οὖν
722 853 795 938 ἴτω]
820 851 864 916 Ut
886 853 961 916 alibi
986 855 1054 935 ἴτω,
1079 851 1160 916 Med.
1187 853 1259 916 798.
1283 853 1355 915 819.
1380 850 1457 916 Ηετ.
1482 853 1554 915 456.

456 945 528 1005 795.
552 943 627 1024 ἕρπε
650 967 706 1006 νυν
730 945 800 1016 οἴαξ
822 943 924 1012 ποδός
945 966 1001 1025 μοι
1025 941 1130 1005 Monk.
1155 942 1195 1005 ed
1218 943 1288 1006 Alo.
1315 943 1408 1004 1096.

457 1033 529 1094 796.
554 1033 600 1102 ὡς
622 1033 651 1094 τί
673 1031 711 1113 δὴ
736 1030 840 1115 τάδε,·]
865 1029 923 1106 Qu.
947 1032 994 1102 ὡς
1016 1033 1045 1094 τί
1066 1031 1105 1114 δὴ
1130 1031 1253 1106 δέλων,·
1277 1037 1314 1094 ut
1336 1031 1369 1093 in
1386 1031 1454 1113 Iph.
1471 1031 1503 1094 T.
1521 1033 1587 1093 508.

366 1121 448 1185 Med.
473 1121 546 1182 682.
569 1120 608 1184 σὺ
633 1121 660 1184 δ’
685 1121 731 1190 ὡς
753 1121 783 1183 τί
802 1121 933 1203 χρῄζων
960 1120 1052 1203 τήνδε
1076 1121 1252 1190 ναυστολεῖς
1275 1120 1397 1202 χδόνα,·
1426 1119 1495 1184 Ion.
1521 1122 1587 1182 537.

368 1211 414 1280 ὡς
446 1211 475 1273 τί
504 1210 543 1292 δὴ
568 1211 694 1292 φεύγεις
725 1233 783 1291 με·
815 1211 908 1274 Rhes
934 1211 983 1273 99.
1018 1209 1110 1292 Soph.
1135 1208 1170 1272 Ο.
1187 1208 1223 1272 R.
1249 1210 1343 1271 1174.
1376 1209 1422 1279 ώς
1455 1209 1537 1292 πρὸς
1566 1209 1590 1270 τί

408 1323 488 1376 ειας,·

366 1324 407 1382 χρ
457 1389 528 1452 798.
551 1387 629 1470 μηδ’
645 1387 758 1472 ἴδοιμι]
782 1387 827 1471 μὴ
845 1388 987 1468 εἰσίδοιμι
1003 1387 1036 1451 F.
1047 1387 1096 1449 W.
1108 1385 1258 1450 Schmidt
1291 1385 1374 1470 Lege
1389 1388 1435 1470 μὴ
1456 1388 1587 1468 ’πέδοιμι

455 1477 528 1541 800.
551 1476 732 1559 περιβαλὼν
760 1514 801 1522 -
830 1476 966 1560 πλευρὰ]
1010 1475 1056 1539 Cf.
1089 1477 1155 1560 Iph.
1187 1483 1222 1538 A.
1252 1476 1325 1539 632.
1362 1476 1446 1557 πρὸς
1483 1479 1587 1558 στέρνα

367 1565 487 1648 πατρὸς
515 1568 625 1648 στέρνα
653 1565 736 1647 τάμὰ
765 1565 935 1648 περιβαλῶ.
1025 1566 1207 1647 περιβαλὼν
1229 1566 1376 1647 πλευροῖς
1402 1565 1459 1649 -]
1493 1589 1587 1647 προο-

366 1657 476 1738 βαλὼν
501 1693 542 1701 -
566 1654 598 1718 F.
624 1655 672 1718 W.
697 1653 853 1732 Schmidt,
881 1655 949 1717 coll.
973 1653 1051 1718 Hec.
1076 1657 1149 1717 410.
1179 1655 1235 1725 δὸς
1258 1655 1312 1716 καὶ
1335 1655 1471 1736 παρειὰν
1494 1679 1587 1736 προο-

365 1747 471 1828 βαλεῖν
502 1744 640 1827 παρηΐδι.
686 1744 884 1826 παραβαλὼν
909 1781 948 1790 -
974 1743 1087 1807 Naber.
1126 1743 1264 1806 Frustra.
1308 1743 1352 1806 Cf.
1382 1743 1460 1807 Plat.
1486 1743 1587 1826 Symp.

367 1855 394 1917 p.
422 1835 492 1897 191.
516 1833 753 1916 περιβάλλοντες
775 1832 830 1903 τὰς
853 1839 960 1916 χεῖρας
986 1834 1040 1895 καὶ
1064 1833 1318 1914 συμπλεκόμενοι
1347 1833 1494 1915 ἀλλήλοις
1517 1835 1587 1894 ἀπέ-

366 1925 510 2006 δνησκον
532 1923 596 1986 ὑπὸ
619 1923 720 2004 λιμοῦ.

456 2013 528 2075 802.
553 2009 679 2095 ὀχήσω]
704 2012 762 2088 Qu.
787 2011 911 2093 δδηγῶ,
940 2011 991 2075 vel
1006 2013 1165 2092 πορεύσω.
1267 2017 1331 2073 ποῦ
1355 2011 1416 2093 γὰρ
1431 2013 1483 2074 ὢν
1499 2012 1587 2084 δείξω

366 2102 456 2184 φίλος
482 2099 556 2184 -,·]
589 2101 633 2164 01.
656 2099 724 2184 Iph.
745 2102 786 2162 Α.
810 2101 884 2163 406.
919 2100 1026 2173 δείξεις
1054 2100 1088 2162 δὲ
1110 2105 1174 2163 ποῦ
1198 2123 1253 2182 μοι
1276 2100 1396 2180 πατρὸς
1418 2101 1456 2163 ἐκ
1480 2102 1587 2164 ταύτοῦ

368 2192 484 2272 γεγώς,·
517 2190 598 2254 Med.
623 2191 695 2252 548.
729 2190 763 2252 ἐν
794 2189 876 2271 τῷδε
905 2189 998 2262 δείξω
1022 2194 1133 2271 πρῶτα
1158 2189 1218 2270 μὲν
1250 2189 1352 2270 γεγὼς
1384 2189 1503 2272 σοφὸς,
1536 2202 1586 2252 etc.

368 2279 408 2342 So
432 2281 460 2342 h.
485 2279 572 2343 0.R.
598 2280 670 2342 390.

410 2301 430 2364 p
456 2369 529 2432 803.
554 2371 585 2431 εἴ
602 2392 637 2431 σε
658 2368 703 2450 μὴ
730 2405 770 2414 -
795 2367 979 2450 ἐπαρκέσω]
1013 2368 1101 2448 δρῶν
1130 2377 1185 2431 aut
1211 2368 1305 2438 εἰδὼς
1332 2367 1462 2451 supplet
1486 2366 1586 2430 Elmsl.

366 2459 405 2520 ad
429 2457 505 2522 Her.
530 2461 557 2520 7.
592 2477 686 2538 quem
720 2457 793 2520 vide
826 2457 919 2520 etiam
953 2457 991 2519 ad
1018 2457 1089 2520 693.
1134 2455 1409 2540 01811ρρ1.327.
1443 2457 1492 2528 ὡς
1523 2459 1587 2519 οὔτε

367 2548 476 2629 ταρβῶ
500 2546 556 2619 ξὺν
580 2547 651 2628 δίκῃ
676 2546 704 2608 o'
728 2546 928 2628 ὁρμώμενον.
953 2545 1044 2628 Soph.
1064 2546 1111 2626 Aj.
1131 2547 1201 2608 130.
1226 2546 1260 2609 σὲ
1282 2545 1342 2627 μέν
1366 2543 1401 2609 εὖ
1421 2543 1587 2629 πράσσοντ’

367 2637 529 2717 ἑπιχαίρω.
554 2637 648 2698 Arist.
667 2635 722 2717 Eq.
741 2636 758 2695 7
764 2636 814 2696 83.
861 2635 923 2699 sed
947 2634 1077 2698 offendit
1098 2636 1296 2698 accusativus
1320 2643 1391 2718 post
1413 2637 1586 2718 ἐπαρκέσει.

367 2723 516 2787 Dativum
540 2727 625 2788 enim
649 2743 785 2806 semper,
811 2726 844 2786 ni
866 2724 970 2804 fallor,
993 2725 1074 2806 regit
1090 2723 1224 2787 verbum
1244 2725 1393 2805 ἐπαρκεῖν
1409 2726 1471 2788 hoc
1487 2743 1585 2788 sensu.

368 2814 412 2876 ef.
429 2813 504 2877 Hee.
523 2816 595 2877 985.
618 2813 663 2895 μὴ
687 2814 882 2894 πράσσουσιν
906 2811 940 2875 εὖ
964 2812 1065 2895 φίλοις
1089 2814 1245 2894 ἐπαρκεῖν.
1274 2813 1321 2876 Fr.
1347 2815 1421 2894 311,
1440 2817 1469 2875 2.
1494 2817 1587 2887 ξένοις

367 2904 521 2984 ε’·πήρκεις.
546 2902 630 2982 Cycl.
656 2903 728 2964 300.
756 2903 886 2973 πέπλοις
914 2903 1093 2984 ἐπαρκέσαι.
1133 2900 1191 2976 Qu.
1216 2903 1247 2964 εἴ
1263 2926 1290 2964 τι
1312 2902 1357 2985 μὴ
1376 2939 1416 2947 —
1435 2905 1500 2966 ὄντι
1522 2907 1586 2980 (σού

369 3030 408 3037 -
434 2993 610 3073 ἐπαρκέσω.
650 2991 709 3054 Vel
742 2993 773 3052 εἴ
800 3015 834 3054 σε
861 2991 906 3074 μὴ
934 3029 973 3038 -
997 2997 1192 3074 συμφοραῖσι
1225 2991 1371 3074 ῥύσομαι.
1413 2991 1473 3055 Vel
1499 2993 1535 3073 ἤν
1556 3013 1586 3052 οε

367 3081 412 3163 μὴ
439 3118 478 3126 -
504 3081 670 3162 ἐπωφελεῖν.

457 3172 529 3233 804.
552 3168 635 3233 τοῦτ’
660 3168 776 3253 έκεῖνο]
800 3169 844 3233 01.
868 3169 939 3233 Hel.
957 3169 1029 3232 622.
1053 3169 1134 3232 τοῦτ’
1159 3169 1220 3232 ἔστ’
1237 3170 1351 3232 έκεῖνο·
1373 3173 1377 3250 ]
1398 3171 1586 3254 συμβεβᾶσιν

369 3261 400 3322 οἱ
414 3259 502 3340 λόγοι
523 3259 526 3342 ]
547 3260 578 3322 οῖ
592 3258 679 3341 τῆσδ’
695 3259 831 3340 ἀληθεῖς.
858 3258 938 3322 Med.
957 3260 1006 3322 97.
1029 3257 1095 3320 τόδ’
1119 3259 1234 3330 ἐκεῖνο,
1254 3259 1338 3340 φίλοι
1354 3259 1473 3328 παῖδες.
1497 3260 1585 3322 Arist.

368 3348 446 3411 Ach.
471 3350 522 3410 41.
554 3347 636 3410 τοῦτ’
661 3348 752 3411 ἐκεῖν’
776 3347 864 3429 οὑγὼ
890 3347 999 3429 ’λεγον
1031 3347 1103 3428 Lys.
1128 3349 1200 3410 240.
1295 3347 1409 3411 κτᾶσο’
1434 3345 1584 3430 ἑταίρους]

367 3435 511 3501 Delenda
535 3437 660 3500 videtur
684 3437 809 3520 virgula
831 3437 928 3519 vulgo
957 3437 1059 3519 posita
1082 3445 1152 3520 post
1174 3438 1325 3517 ἑταίρους.
1364 3435 1485 3501 Sensus
1508 3437 1583 3498 enim

368 3534 429 3608 est,
451 3527 570 3589 κτᾶσθε
594 3526 662 3605 (ὡς)
685 3527 827 3607 ἑταίρους
849 3527 894 3608 μὴ
916 3525 951 3588 τὸ
967 3525 1113 3606 συγγενὲς
1128 3527 1229 3608 μόνον
1253 3527 1287 3605 (1.
1306 3545 1330 3588 e.
1347 3527 1421 3596 τοὺς
1436 3531 1585 3608 συγγενεῖς

366 3616 492 3698 μόνον),
525 3614 602 3677 ἀλλὰ
626 3615 774 3685 καὶτοὺς
799 3615 961 3696 θυραίους.
1001 3613 1043 3677 Cf.
1069 3615 1164 3678 Arist
1190 3613 1266 3677 Ran.
1293 3615 1364 3678 701.
1393 3617 1512 3685 πάντας
1534 3615 1582 3674 ἀν-

368 3705 526 3785 θρώπους
550 3705 672 3774 ἑκόντες
697 3707 852 3785 ξυγγενεῖς
875 3705 1078 3786 κτησώμεθα.
1101 3704 1195 3767 111110.
1220 3703 1276 3767 III.
1301 3706 1351 3766 82.
1376 3705 1429 3766 καὶ
1451 3705 1517 3788 μὴν
1538 3702 1584 3764 καὶ

368 3794 404 3856 τδ
428 3793 573 3874 ξυγγενὲς
596 3799 651 3856 τοῦ
675 3795 831 3875 ἑταιρικοῦ
855 3793 1100 3874 ἀλλοτριώτερον
1123 3794 1242 3873 ἐγένετο
1268 3793 1318 3856 διά
1342 3793 1377 3856 τὸ
1401 3801 1459 3856 etc.

457 3885 530 3945 805.
554 3884 600 3952 ὡς
624 3881 721 3966 ἀνὴρ]
755 3883 797 3952 εἷς
820 3882 902 3964 ἀνὴρ
925 3881 1030 3946 Herw.
1114 3882 1173 3965 ὢν]
1202 3881 1245 3952 εἷς
1268 3882 1334 3946 Pal.
1380 3881 1502 3947 Neutra
1524 3901 1584 3944 cer-

367 3973 507 4035 rectione
531 3991 609 4054 opus
632 3981 687 4034 est.
756 3973 838 4042 ὅστις
860 3972 1002 4053 τρόποισι
1026 3970 1180 4055 συντακῇ]
1205 3969 1248 4034 Of.
1273 3973 1368 4034 Arist.
1393 3972 1471 4035 Ren.
1499 3971 1583 4033 1163.

368 4061 471 4125 ἐλθεῖν
502 4061 561 4142 μὲν
594 4062 636 4130 εἷς
660 4067 718 4142 γῆν
750 4059 819 4124 ἔσθ’
843 4061 908 4142 δτῳ
939 4067 1017 4142 μετῇ
1040 4061 1170 4142 πάτρας.
1254 4058 1409 4144 συντακῇ]
1438 4061 1583 4142 συντρέχῃ

368 4150 488 4213 Waket
513 4149 542 4213 8.
559 4147 590 4211 O.
615 4151 714 4231 676,
739 4150 920 4212 00111221.
944 4150 997 4211 καὶ
1021 4149 1081 4230 γάρ
1105 4149 1282 4231 χρόνοντὸ
1304 4157 1410 4232 μῆκος
1425 4149 1502 4213 αὐτὸ
1517 4171 1582 4211 ουν-

367 4241 474 4321 τρέχει.
507 4237 643 4302 Frustra.
683 4237 727 4300 01.
743 4238 792 4302 Fr.
810 4239 883 4320 296,
901 4241 929 4302 2.
954 4246 1047 4319 κακῷ
1070 4237 1171 4309 κακὸς
1195 4239 1229 4302 δὲ
1253 4241 1435 4322 συντέτηκεν
1454 4239 1582 4322 ἡδοναῖς·

368 4329 416 4390 Fr.
442 4329 514 4409 909,
539 4329 566 4389 3.
590 4333 675 4391 πᾶσα
700 4327 761 4409 γὰρ
785 4328 891 4410 άγαδι]
917 4329 1009 4410 γυνὴ,
1031 4331 1034 4408 ]
1055 4328 1121 4410 ἥτις
1144 4327 1234 4409 ἀνδρὶ
1257 4330 1435 4411 ουντὲτηκε,
1460 4349 1582 4408 σωφρο-

367 4423 430 4480 νεῖν
446 4418 608 4480 ἒπίοταται.
633 4418 711 4481 Plat.
735 4419 842 4500 Symp.
872 4419 931 4478 192
948 4416 984 4479 Ε.
1017 4417 1120 4480 ε”δέλω
1148 4418 1232 4499 ’ὑμᾶς
1259 4421 1406 4500 συντῆξαι
1434 4417 1487 4480 καὶ
1509 4439 1581 4496 συμ-

368 4512 467 4590 ιγῦοαι
490 4508 533 4576 εἰς
555 4506 590 4569 τδ
613 4507 704 4578 αὐτὸ,
728 4507 808 4569 ὥστε
833 4506 891 4569 δύο
915 4508 1008 4575 ὄντας
1031 4507 1085 4568 ἕνα
1109 4508 1275 4588 γεγονέναι.
