3124 5208
318 410 381 473 362
840 431 1024 475 6666616616

316 589 451 672 ἀνατολὴ
476 589 566 672 ἡλίου
589 589 643 654 καλ
665 595 729 653 τῶν
751 590 857 653 ἄλλων
880 590 1014 672 ἄστρων.
1053 589 1115 654 Pro
1139 591 1267 672 ἄστρων
1289 590 1346 654 fori
1364 587 1476 652 1666661

316 679 404 742 aliud
428 679 515 761 quid.
590 680 721 761 αἰθέρος
744 679 826 763 πρὸς
849 679 993 764 ἀντολὰς]
1017 681 1106 762 ἡλίου
1125 679 1209 762 πρὸς
1231 678 1350 749 ἀντολὰς
1362 677 1479 741 116661166-

316 770 407 833 stein.
431 768 552 833 Wookl.
580 769 685 852 ἡὸέως
712 769 794 853 πρὸς
821 769 954 840 ἀντολὰς
981 769 1191 853 probabiliter
1214 769 1310 834 Kook.
1329 769 1433 848 αἰθέριος
1457 767 1478 831 ές

316 857 449 928 ἀντολὰς
471 857 504 922 F.
520 857 571 921 W.
588 857 738 922 Schmidt.
777 857 835 934 Qu.
859 859 989 940 αἰθέρος
1012 860 1079 940 (aut
1101 859 1203 940 ἡλίου)
1226 858 1252 920 τ’
1276 858 1427 938 ἇναστυχάς,
1443 869 1481 916 aot

316 948 447 1030 αἰθέρος
470 947 495 1010 τ’
520 949 552 1018 ἒς
574 948 715 1018 ἀντολάς.
788 948 878 1030 ἡλίου
902 967 975 1012 mss.
999 953 1030 1011 61
1052 947 1136 1012 Plut.
1160 947 1239 1012 Mor.
1263 969 1291 1032 p.
1313 949 1373 1011 481.
1391 945 1482 1024 αἰθέρος

317 1035 402 1100 Stob.
428 1039 477 1118 17,
495 1039 523 1101 3.
547 1037 652 1119 ἡδέως
675 1035 766 1101 Kock
782 1037 885 1102 Veris.
908 1058 937 1121 p.
962 1038 1035 1100 233.

407 1145 479 1208 507.
502 1144 585 1207 τοῦτ’
608 1141 717 1208 οὖντὸ
732 1143 882 1229 χρηστὸν]
907 1143 951 1208 Of.
967 1144 1038 1210 Hel.
1056 1145 1129 1208 952.
1145 1150 1239 1208 τοῦτο
1254 1145 1289 1208 τὸ
1303 1143 1391 1208 καλόν.
1408 1139 1423 1203 S
1440 1139 1483 1224 ppi-

316 1235 390 1297 483.
413 1233 449 1298 τὸ
473 1233 623 1317 δυστυχὲς
646 1239 746 1297 τοῦτο.

407 1323 479 1387 508.
504 1323 591 1407 ἐμοὶ]
620 1321 682 1387 Pro
707 1325 836 1406 ἐμαυτῷ
864 1321 968 1408 (Soph.
993 1324 1042 1406 Aj.
1069 1323 1164 1387 1367.
1193 1332 1241 1407 τῷ
1268 1324 1324 1406 γάρ
1347 1346 1381 1406 με
1400 1319 1485 1402 μᾶλλον

316 1415 336 1496 ἡ
363 1413 485 1495 ’μαυτῴ
506 1413 651 1492 πονεῖν,·).

407 1503 479 1564 512.
503 1508 605 1584 τυχεῖν
627 1504 652 1564 ἃ
671 1501 791 1587 χρῄζει]
816 1501 862 1566 01.
887 1502 961 1566 992.
984 1502 1068 1566 ὥσθ’
1097 1504 1118 1564 ἃ
1145 1503 1302 1584 βούλομαι
1324 1507 1412 1583 τυχεῖν.
1434 1497 1486 1561 1116

318 1592 368 1653 51.
393 1591 474 1655 Med.
493 1593 564 1654 758.
589 1589 784 1675 Soph.0.0.
803 1591 896 1654 1106.
970 1597 1036 1662 ταῖς
1059 1591 1120 1675 γὰρ
1143 1595 1184 1655 ἂν
1204 1590 1322 1675 Θήβαις
1341 1588 1408 1672 τόδε]
1427 1586 1487 1650 iio?

316 1682 373 1744 vix
396 1687 578 1745 66666661.
618 1679 676 1756 Qu.
699 1687 765 1752 ταῖς
789 1681 824 1745 δὲ
851 1679 973 1764 Θήβαις
996 1683 1035 1744 ἂν
1058 1681 1130 1744 τόθε
1155 1719 1212 1742 -.

407 1788 479 1851 516.
496 1779 634 1872 Enipea]
658 1788 732 1871 Log.
757 1789 880 1872 ἐξαιρεῖ.

407 1877 480 1940 517.
504 1878 558 1942 καί
580 1877 720 1961 σίθηρος]
743 1875 817 1962 Log.
840 1879 901 1940 κᾶν
925 1878 1063 1961 σίθηρος.
1108 1877 1151 1942 Et
1173 1879 1220 1942 sic
1242 1877 1343 1943 Herw.

409 1968 481 2030 518.
504 1966 619 2051 ἄλλως]
643 1966 738 2038 ἀστὸς
761 1967 794 2030 F.
810 1967 860 2031 W.
885 1967 1036 2033 Schmidt.

408 2057 481 2120 519.
505 2057 565 2138 οὐχ
588 2057 673 2120 ἑκὼν
699 2056 896 2141 μυθήσομαι]
925 2057 985 2140 οὐχ
1012 2057 1098 2120 ἑκὼν
1125 2057 1315 2140 μαθήσομαι
1340 2054 1411 2118 6661.
1433 2049 1488 2134 poi.

317 2144 438 2226 06561,
470 2146 541 2210 6611.
572 2145 702 2212 Theoor.
723 2145 798 2210 XX.
815 2149 844 2209 4.
873 2147 912 2210 οὐ
935 2147 1112 2228 μεμάθηκα
1132 2146 1136 2230 1
1158 2147 1318 2230 ἀγροίκως
1343 2144 1436 2228 φιλέειν
1453 2150 1488 2202 616.

316 2235 443 2314 (Recto.)
494 2236 554 2317 οὐχ
582 2237 667 2299 ἑκών
694 2259 728 2317 γε
751 2236 899 2317 πείσομαι
922 2233 1013 2299 Kock
1038 2233 1138 2300 Veris.
1166 2256 1195 2319 p.
1220 2238 1296 2318 173,
1326 2235 1385 2298 coll.
1412 2229 1489 2293 16561.

318 2325 411 2388 Eum.
437 2325 509 2388 794.
533 2325 604 2407 ἐμοὶ
626 2325 762 2388 πίθεσθε
789 2325 833 2407 μὴ
863 2325 1069 2406 βαρυστόνως
1096 2325 1213 2407 φέρειν.
1249 2324 1338 2409 Soph.
1360 2321 1425 2386 Phil.
1443 2319 1489 2378 621.

316 2415 533 2496 πεισθήσομαι
556 2414 616 2496 γὰρ
640 2411 706 2478 ὥθε
724 2451 764 2460 -
781 2415 843 2488 κάξ
860 2413 969 2477 Ἅιὸου
992 2414 1108 2495 μολεῖν.
1147 2413 1257 2478 Possis
1272 2414 1360 2479 otiam
1374 2411 1424 2492 οὐχ
1436 2407 1490 2504 boii

318 2527 351 2586 γε
383 2503 543 2586 τλήσομαι.
590 2501 634 2566 01.
658 2503 755 2567 Arist.
779 2505 838 2566 Av.
864 2505 936 2566 628.
970 2504 1030 2566 οὐκ
1062 2505 1143 2566 ἔστιν
1176 2504 1267 2574 ὅπως
1298 2505 1335 2568 ἂν
1363 2501 1416 2583 ἐγώ
1440 2495 1483 2558 ,mni

317 2683 356 2746 οὐ
378 2683 571 2765 μεθήσομαι.

407 2791 479 2852 521.
503 2789 585 2871 πρὸς
611 2790 696 2852 ταῦτ’
720 2788 780 2873 ·—]
813 2788 858 2853 01.
882 2789 931 2853 Fr.
957 2789 1029 2852 688.
1067 2788 1149 2871 πρὸς
1180 2789 1266 2853 ταῦτ’
1293 2791 1346 2854 ίτω
1374 2785 1422 2870 μέν
1443 2787 1490 2856 oio

317 2881 372 2942 ἴτω
403 2879 438 2942 δὲ
465 2880 640 2961 φάσγανον,
666 2879 670 2963 1
691 2880 832 2963 πίμπρη,
856 2879 988 2942 κάταιθε
1007 2879 1142 2961 σάρκας,
1167 2879 1428 2962 έμπλὴσθιγτίμσν
1443 2869 1489 2953 1.τί-

316 2991 383 3032 νων
406 2966 550 3032 κελαινὸν
572 2969 665 3051 αἰμα,
687 2975 744 3033 616.
768 2969 836 3032 1611.
854 2968 926 3031 527.
950 2974 1048 3032 κτεῖνε
1071 2969 1124 3032 καί
1147 2969 1283 3052 πίμπρη.
1307 2963 1490 3033 4666161110

318 3058 391 3120 992.
418 3058 512 3121 1043.

408 3148 481 3209 523.
505 3147 594 3231 τῷδ’]
618 3147 671 3210 σοί
691 3147 719 3230 γ’
742 3147 848 3212 Horw.
872 3147 1069 3211 61116639.
1115 3145 1265 3231 Ineptum
1281 3131 1490 3216 enimesseroi

316 3242 388 3320 post
416 3236 570 3300 secundas
598 3256 748 3320 personas
776 3237 949 3318 ζεύγνυσθε
977 3273 1018 3282 -
1046 3236 1215 3318 πίμπλαθ’.
1264 3237 1346 3320 Τῴθ
1371 3229 1490 3317 repetitum

318 3328 347 3390 ei
371 3325 497 3390 videtur
520 3345 561 3391 ox
584 3347 613 3388 v.
631 3327 705 3389 520.

407 3433 480 3495 526.
503 3433 548 3515 μὴ
575 3433 618 3496 ’ni
640 3439 704 3503 τοῖς
727 3435 830 3514 ἔργοις
853 3433 978 3517 καλοῖς]
1001 3433 1047 3517 μὴ
1068 3432 1178 3503 καλοῖς
1193 3435 1298 3515 ἔργοις
1312 3435 1360 3497 ἔπι
1374 3431 1489 3507 06166611

316 3521 422 3586 Horw.
446 3521 506 3584 Ex.
531 3520 604 3586 erit.
628 3542 656 3605 p.
682 3524 732 3586 26.
756 3522 877 3604 (Recte,
901 3524 1020 3606 opinor.
1060 3522 1248 3606 Corruptola
1269 3523 1389 3586 librario
1403 3515 1491 3579 1616111

317 3612 373 3692 qui
397 3612 432 3674 in
456 3613 507 3674 ἔπι
540 3613 587 3675 sio
619 3613 721 3694 posito
747 3612 945 3690 offendebat.)
978 3611 1060 3694 πλὴν
1087 3612 1196 3682 καλοῖς
1224 3614 1328 3694 ἔργοις
1349 3613 1393 3674 ἔστι
1412 3603 1490 3668 oense.

316 3699 391 3784 Log.
415 3701 497 3783 πλὴν
520 3701 569 3764 ἐπ’
593 3702 728 3783 ἔργοισιν
751 3702 867 3772 καλοῖς.

408 3791 480 3852 527.
504 3791 631 3873 πικρόν]
655 3791 739 3873 βαρύ
762 3790 898 3854 Johann.
922 3788 1012 3854 Dam.
1036 3795 1107 3874 post
1130 3788 1215 3854 Stob.
1239 3789 1306 3856 Ecl.
1329 3783 1490 3878 1171691·Ι

408 3881 479 3942 528.
504 3881 564 3962 οὐχ
587 3881 710 3942 ἅπαντα
735 3880 794 3964 —-]
823 3879 869 3943 01.
894 3879 988 3963 Soph.
1011 3879 1060 3944 Fr.
1086 3880 1159 3943 500.
1187 3881 1279 3944 πάντ’
1307 3879 1445 3963 ἐμπέφυκε
1463 3888 1490 3960 ¹¹5}
1534 3883 1535 3900 ¹

315 3977 436 4051 μακρῷ
459 3970 542 4052 γήρᾳ
566 3969 711 4052 (χρόνῳθ
735 3971 775 4053 gl.
800 3971 893 4052 γήρᾳ)
926 3970 1019 4032 κακά.
1053 3970 1148 4033 Arist.
1165 3969 1260 4055 Vosp.
1278 3973 1349 4034 441.
1378 3957 1484 4033 616640

317 4059 355 4120 οὐ
379 4058 468 4122 πόλλ’
492 4061 587 4122 ἔνεστι
612 4059 697 4122 δεινὰ
720 4067 766 4141 τῷ
789 4060 872 4141 γήρᾳ
895 4059 998 4134 κακᾶς

407 4167 480 4228 529.
504 4167 653 4248 ἡμπειρία
667 4165 720 4249 -]
745 4163 933 4246 6666616,
944 4168 974 4229 3.
990 4167 1139 4248 paeon
1156 4190 1187 4230 ιε
1202 4173 1257 4249 τῆς
1273 4150 1489 4246 απιῳιιικινῑ
1533 4231 1534 4244 ἢ

408 4255 480 4318 534.
505 4256 630 4337 εἰσῆλθε
653 4253 801 4340 κάξῆλθ’]
827 4253 871 4318 01.
890 4255 961 4318 Η61.
980 4256 1074 4318 1167.
1098 4255 1192 4328 ἐξιών
1214 4279 1246 4320 τε
1269 4255 1387 4322 zelator
1402 4245 1488 4348 &diffisi
1533 4249 1534 4323 1

318 4343 388 4405 Aoo
412 4344 521 4425 Aposi
545 4345 569 4408 Ι.
594 4346 645 4406 21.
674 4345 707 4407 ἐν
729 4343 820 4408 παντί
847 4344 957 4428 χρόνῳ
985 4345 1018 4408 έν
1046 4341 1226 4428 ᾦείσῆλθε
1252 4345 1307 4410 καὶ
1333 4337 1440 4424 ἐξῆλθεν
1458 4345 1482 4402 fi

319 4431 404 4512 ἡμᾶς
427 4432 446 4493 ὁ
468 4433 579 4514 κύριος
597 4432 729 4515 Ἰησοῦς.

409 4520 482 4582 535.
506 4521 557 4603 ἐφ’
581 4519 615 4605 ἡ]
639 4523 695 4605 ὑφ’
719 4522 757 4606 ἦς
785 4529 838 4606 (so.
862 4523 1048 4607 φιλοτιμίας)
1071 4522 1271 4591 Herwordon
1295 4523 1333 4590 ad
1353 4519 1408 4584 loo
1429 4499 1487 4572 1120.
1532 4543 1533 4615 ἡ
