3346 5218
321 312 362 374 66
486 309 489 317 ’
723 331 725 336 ·
841 324 1025 370 αιτεοιττσε

320 491 349 552 εί
369 488 398 552 δ’
423 489 465 558 εἷς
488 487 649 570 πρόσοψιν
672 487 778 550 ἕλθῶν
801 492 855 568 τῆς
872 486 951 568 ἐμῆς
967 484 1031 566 ἐγὼ
1053 483 1056 566 ]
1078 482 1228 565 γυναικὸς
1243 484 1338 564 ἔσχον
1353 482 1399 562 μὴ
1417 487 1561 548 κτανεῖν,

320 576 536 660 ἐσωφρόνουν.
628 577 661 639 ἐν
684 581 829 656 σοφοῖσιν
852 573 903 657 ἦν]
928 574 986 650 Qu.
1011 573 1044 635 ἐν
1067 579 1180 654 σοφοῖς
1203 573 1243 634 ἂν
1266 570 1314 653 ἦν.

410 667 482 728 701.
511 663 593 748 πρὸς
624 664 678 734 τὰς
710 665 806 746 τύχας
836 663 894 748 -]
929 661 972 725 Cf.
996 661 1067 726 Hel.
1093 663 1165 724 321.
1193 659 1275 743 πρὸς
1302 659 1358 729 τὰς
1385 660 1483 740 τύχας
1522 658 1563 720 τὸ

320 757 428 839 χάρμα
451 753 526 825 τοὺς
549 754 646 837 γόους
668 751 694 816 τ’
718 755 777 836 ἔχε.
804 754 915 816 Aesch.
940 751 1135 815 Ριοι11.999.
1163 750 1323 832 τόλμησόν
1346 773 1423 811 ποτε
1443 749 1448 828 Ι
1467 747 1565 828 πρὸς

320 844 374 915 τὰς
401 845 567 927 παρούσας
597 842 745 925 πημονὰς
773 842 884 922 ὀρθῶς
916 847 1053 923 φρονεῖν.
1089 841 1182 903 Arist.
1205 839 1260 902 Τ11.
1288 840 1358 900 149.
1391 838 1454 920 χρὴ
1491 838 1564 917 γὰρ

321 934 453 1016 ποιητὴν
476 933 577 1014 ἄνδρα
601 932 682 1014 πρὸς
705 931 740 994 τὰ
766 932 911 1013 δράματα
936 967 978 975 -
1001 928 1074 1000 τοὺς
1096 929 1236 1011 τρόπους
1259 965 1301 973 -
1326 929 1415 1010 ἔχειν.

412 1025 483 1086 702.
508 1022 701 1102 ἕξαρκοῦντά
724 1019 797 1104 μοι]
821 1019 865 1083 Of.
890 1021 964 1082 278.
989 1019 1101 1082 Aeseh.
1125 1020 1183 1100 Ag.
1212 1019 1304 1079 1574.

330 1188 333 1193 .
412 1113 484 1175 705.
508 1109 574 1173 ἀλλ’
598 1111 659 1174 ἔστι
685 1109 742 1193 -]
776 1108 820 1173 01.
845 1108 938 1192 Soph.
962 1107 1043 1172 Phil.
1068 1108 1140 1170 652.
1170 1104 1221 1188 ἄρ’
1250 1108 1331 1170 ἔστιν
1358 1105 1442 1168 ὥστε
1468 1105 1563 1186 κάγ-

322 1202 419 1282 γύθεν
442 1201 523 1263 θέαν
545 1201 666 1282 λαβεῖν·
691 1204 719 1262 ει
744 1198 795 1262 Or.
822 1199 893 1261 779.
918 1198 1065 1280 σωθῆναι
1088 1195 1144 1279 (’κ)
1166 1201 1287 1259 κακῶν.

413 1291 484 1352 715.
508 1291 543 1352 ἓν
576 1288 610 1351 δὲ
639 1287 697 1370 -]
735 1286 770 1350 εὖ
804 1287 838 1350 δὲ
868 1325 908 1332 —
938 1286 1088 1350 Schmidt.
1132 1283 1190 1360 (λιι.
1222 1287 1257 1348 ἓν
1291 1285 1325 1348 δὲ
1357 1285 1565 1366 μαστεύουσ”

322 1379 386 1460 ἐγὼ
410 1384 467 1442 etc.
507 1377 552 1442 Of.
581 1376 651 1440 Hel,
679 1377 770 1439 1337.
794 1377 994 1458 μαστεύουσα
1018 1375 1148 1458 πόρους.
1181 1375 1241 1438 Vel
1263 1376 1298 1437 ἓν
1318 1374 1352 1437 δὲ
1373 1374 1566 1454 φάρμακον

322 1469 423 1550 μόνον
444 1469 448 1550 ]
469 1468 569 1548 εὑρεῖν
591 1467 738 1548 δθροῖισα
765 1501 818 1526 -.
859 1465 1006 1529 Ceterum
1030 1466 1154 1547 εὑρημα
1180 1469 1351 1545 συμφορᾶς
1368 1463 1495 1526 dictum
1524 1471 1565 1525 ut
1660 1493 1661 1500 ¹

324 1557 425 1639 πόρος
447 1561 560 1619 κακῶν
577 1556 645 1618 Ale.
663 1556 734 1617 213.
758 1553 885 1637 μηχανὴ
903 1559 1016 1618 κακῶν
1033 1554 1105 1616 221.
1196 1550 1425 1634 προτρέπουό]
1447 1577 1564 1633 προσ·

322 1645 458 1709 κοποῦο’
482 1646 562 1726 conj.
587 1643 693 1707 Monk.
721 1644 808 1728 prob.
832 1642 982 1707 Schmidt.
1014 1645 1194 1724 περινοοῦσ’
1218 1642 1339 1705 Nauck.
1372 1646 1438 1703 πᾶν
1461 1643 1565 1722 0195-

323 1735 418 1816 φσυσ’
442 1733 545 1843 Ηοιγι.
589 1731 645 1807 (111.
670 1733 900 1815 πρασκσποὺσ’,
934 1733 984 1796 vel
1013 1732 1102 1795 πόλλ’
1132 1731 1241 1812 ὁρῶσ’,
1271 1730 1322 1794 vel
1349 1731 1565 1812 μ.αστεύουσ’.

324 1824 368 1886 Ο]
394 1822 633 1993 Ι781]0.11ε1ὑ]ρ]ι]μα
658 1911 697 1994 δή
721 1935 747 1973 τι
765 1910 817 1994 -]
843 1908 901 1985 Qu.
918 1912 952 1974 ἓν
969 1911 1008 1993 δὴ
1024 1910 1126 1992 μόνον
1142 1911 1221 1980 ἄκος
1234 1946 1287 1968 -.
1317 1909 1377 1972 Vel
1393 1910 1429 1970 ἓν
1444 1915 1565 1992 μῆχος

324 2003 458 2084 (μῆχαρ)
487 2001 588 2082 εὑρεῖν
616 2037 671 2060 -.
718 1999 820 2064 Schol.
849 2001 882 2062 ἕν
913 1999 1015 2082 μόνον
1047 2001 1125 2081 ἴαμα
1157 2005 1212 2081 τῆς
1245 2001 1415 2081 ξυμφορᾶς
1444 1995 1563 2080 εὗρον,
1660 2057 1661 2068 χ

369 2090 408 2172 δή
432 2114 459 2152 τι
481 2095 565 2153 recto
589 2089 678 2151 codd.

414 2180 485 2241 718.
509 2177 591 2260 πρὸς
613 2177 649 2240 τὰ
674 2184 730 2241 νύν
753 2178 958 2262 πεπτωκότα]
983 2176 1027 2240 Cf.
1050 2177 1114 2261 [ph.
1133 2179 1170 2239 A.
1189 2178 1282 2240 1343.
1308 2177 1367 2240 οὐκ
1392 2177 1426 2239 ἐν
1451 2178 1564 2258 ὑβρό·

324 2293 387 2351 τητι
419 2273 517 2330 κεῖσαι
549 2265 631 2349 πρὸς
662 2267 698 2329 τὰ
727 2274 783 2331 νῦν
810 2268 1007 2331 πεπτωκότα.
1041 2265 1088 2329 ΕΙ.
1113 2267 1186 2329 639.
1214 2267 1385 2330 τούνθένδε
1409 2267 1497 2346 πρὸς
1523 2269 1564 2329 τὸ

323 2364 436 2420 πῖπτον
459 2356 554 2426 αὐτὸς
577 2357 682 2432 ἐννόει.
707 2356 785 2419 Plat.
803 2355 893 2439 Resp.
910 2355 950 2418 X.
971 2357 1034 2418 604
1052 2355 1084 2419 O.
1109 2356 1218 2438 ὥσπερ
1242 2357 1275 2419 ἐν
1297 2356 1414 2418 πτώσει
1439 2355 1565 2438 κύβιον

323 2445 404 2528 πρὸς
427 2446 463 2508 τὰ
487 2445 674 2508 πεπτωκότα
698 2446 841 2508 τίθεσθαι
863 2444 900 2508 τὰ
924 2447 1021 2508 αὑτοῦ
1045 2446 1224 2527 πράγματα.

416 2536 486 2596 721.
511 2533 644 2617 σὺνεκα]
669 2533 776 2598 Scribe
801 2536 913 2607 εἵνεκα,
980 2541 1088 2616 ψυχῆς
1111 2533 1202 2618 μιᾶς]
1227 2541 1334 2617 ψυχῆς
1357 2534 1439 2616 ἐμῆς
1464 2536 1564 2598 malit

326 2623 438 2688 Naber.

340 2793 342 2796 Ι
416 2715 487 2776 723.
511 2711 631 2795 θανεῖν]
656 2713 765 2776 θανεῖν
789 2715 816 2793 γ’
840 2712 949 2776 10111181.
974 2713 1013 2775 ad
1036 2713 1111 2776 Her.
1139 2714 1209 2776 141.

416 2803 486 2864 730.
510 2807 564 2882 τῆς
587 2801 682 2864 νόσου
709 2800 765 2885 -]
795 2801 838 2864 01.
865 2802 958 2865 Arist.
985 2801 1066 2864 Ecel.
1092 2803 1165 2864 873.
1193 2801 1352 2884 τοισδεδὶ]
1378 2807 1444 2864 τῶν
1473 2827 1562 2884 ματ-

325 2891 469 2971 τομένων
492 2897 583 2972 κοινῇ
606 2891 743 2971 μεθέξω.
768 2890 814 2954 Pl.
840 2892 911 2953 226.

417 2981 487 3040 732.
512 2980 667 3060 ἠλιβάτοις
685 2979 741 3062 -·]
766 2979 845 3042 Cum
863 2980 911 3042 his
927 2981 963 3042 cf.
982 2981 1075 3044 Arist„
1093 2981 1152 3043 Av.
1173 2981 1266 3043 1337.
1287 2982 1439 3062 γενοίμαν
1463 2981 1565 3052 ἀετός

326 3069 492 3148 ὑψιπέτας,
517 3069 562 3137 ὡς
579 3069 797 3150 ἀμποταθείην
813 3069 893 3150 ὑπὲρ
910 3069 1080 3151 ἀτρυγέτου
1097 3070 1236 3150 γλαυκᾶς
1249 3071 1296 3132 ἐπ’
1321 3069 1418 3152 οἶδμα
1432 3071 1565 3152 λίμνας.

326 3157 439 3219 Bacch.
463 3158 555 3218 1383.
580 3157 703 3239 ἔλθοιμι
728 3157 756 3219 δ’
781 3158 863 3220 ὅπου
886 3161 965 3240 μήτε
983 3159 1150 3240 Κιθαιρὼν
1172 3159 1289 3242 μιαρός
1311 3160 1346 3240 μ’
1371 3159 1470 3222 ίοίδοι
1498 3173 1564 3223 ειν.

328 3247 439 3309 Aesch.
456 3245 546 3308 Eum.
564 3247 636 3308 208.
660 3247 747 3308 ἔλθοι
772 3285 812 3292 -
830 3249 920 3317 ὅπως
944 3250 1062 3329 γένοιτο
1085 3248 1186 3311 τῶνδέ
1208 3273 1263 3330 μοι
1279 3248 1433 3330 λυτήριος.
1459 3248 1564 3332 Soph.

311 3335 496 3415 .Α].1222.

418 3423 489 3482 735.
514 3421 656 3506 ἀρύείηυ]
680 3424 807 3487 Το11α1
831 3426 1017 3488 sublimis

419 3510 489 3570 737.
514 3511 621 3594 ἀκτᾶς]
646 3511 718 3590 Leg.
742 3515 852 3596 ἅλμας,
892 3515 937 3577 Cf.
964 3518 1034 3577 754.
1068 3513 1184 3578 Ειι11111.
1209 3518 1265 3597 67,
1289 3518 1317 3578 6.
1343 3516 1413 3586 οἵας
1438 3517 1443 3596 Ι
1464 3514 1564 3600 Ἠρι-

329 3597 424 3666 δανὸς
449 3598 554 3677 ἁγνοῖς
579 3600 668 3662 ὑδασι
692 3604 820 3682 κηπεύει
844 3604 952 3684 κόρας.

420 3687 490 3748 738.
515 3689 699 3768 πορφύρεον
723 3727 764 3736 -
789 3693 831 3761 εἷς
863 3691 976 3775 οἶδμα]
1015 3693 1037 3756 I.
1063 3715 1088 3757 e.
1122 3695 1210 3758 ἅλιον
1242 3695 1335 3777 (HOC.
1361 3695 1452 3770 634.)
1486 3697 1565 3760 sivo

328 3775 454 3838 πόντιον
478 3774 554 3857 (Iph.
581 3780 616 3838 A.
643 3779 733 3856 734).
777 3780 821 3843 cf.
848 3782 918 3843 744.
947 3784 1134 3864 πορφυρέας
1161 3785 1280 3865 λίμνας.
1314 3783 1363 3846 Fr.
1388 3785 1464 3847 882.
1494 3786 1564 3849 ἅλα

328 3863 523 3944 πορφυρέαν.
546 3865 613 3928 Tro.
641 3867 711 3928 124.
736 3867 775 3929 δι’
800 3869 858 3931 ἅλα
883 3873 1120 3952 πορφυροειδέα
1145 3873 1201 3952 (sic
1226 3873 1316 3952 libri).

421 3951 491 4012 741.
516 3953 749 4038 ἠλεκτροφαεῖς]
767 3955 808 4019 Cf.
826 3957 903 4021 Ηυα.
922 3960 994 4021 635.
1011 3961 1029 4023 ὁ
1045 3963 1235 4044 χρυσοφαὴς
1252 3962 1363 4031 Ἅλιος.
1441 3963 1565 4049 σίνγάς]

329 4039 433 4121 παχδς
459 4041 505 4102 vel
530 4042 627 4122 ἄχνας
651 4043 825 4126 (8ορ11.1“ι·.
850 4048 1062 4124 844)Ηε1·ιτ.

329 4218 346 4280 λ
420 4130 491 4238 742.
510 4129 706 4212 Ἑσπερίδων
730 4137 784 4193 τᾶν
808 4134 938 4219 ἀοιδῶν]
964 4138 1009 4201 Cf.
1034 4137 1164 4202 Hosiod.
1188 4139 1333 4203 Τ11.518.
1354 4138 1565 4223 Ἑσπερίδων

348 4241 527 4299 ιγυφωνων.

421 4309 492 4368 744.
516 4307 768 4392 ὑποντομέδων]
797 4308 839 4370 Cf.
865 4314 975 4376 Aesoh.
1001 4313 1083 4398 Sept.
1112 4319 1180 4380 130.
1209 4319 1230 4380 δ’
1252 4318 1285 4382 θ’
1309 4319 1418 4388 ἵππιος
1442 4344 1565 4386 ποντο-

329 4396 439 4478 μέδων
462 4397 549 4468 ἄναξ.
