3124 5208
487 423 614 481 oms
1094 403 1158 482 461

60 593 121 657 665.
141 591 204 658 σύτδ
219 594 320 679 τοῦτο]
345 593 403 670 Qu.
419 595 501 658 τοῦτ’
518 596 627 659 έκεῖνο.
661 594 705 658 Cf.
722 597 794 660 804.
810 596 893 660 τοῦτ’
909 597 1024 669 έκεῖνο,
1047 597 1160 660 κτᾶσθ’

59 708 112 755 νος,
131 684 169 766 μὴ
189 683 220 748 τὸ
242 683 389 766 συγγενὲς
409 685 519 766 μόνον.

59 775 120 835 667.
139 773 202 836 ὅταν
223 774 250 836 δ’
274 774 293 836 ὁ
317 774 442 856 δαίμων
465 771 500 836 εὖ
517 773 614 858 διδῷ]
638 771 761 838 (Mle.
775 774 868 837 1004.
892 773 984 857 χαῖρ’,
1007 773 1160 849 ὦπότνί,

80 863 162 944 δοίης.
191 863 284 926 Andr.
310 864 382 925 751.
415 861 603 946 ὠπρέσβυ,
635 864 708 927 θεοί
737 887 787 927 σοι
820 864 904 927 δοῖεν
936 861 971 926 εὖ
1003 864 1057 927 καί
1083 870 1161 929 τοῖσι

69 952 270 1035 16116390.
303 951 383 1016 θεοῦ
417 975 467 1015 σοι
498 951 554 1034 τὴν
585 953 683 1035 τύχην
713 953 854 1024 διδόντος
877 951 920 1016 εὖ.
954 951 1062 1036 Suppl.
1087 955 1160 1016 463.

78 1039 152 1104 011.
177 1042 262 1104 1081.
291 1041 326 1105 Ο.
344 1040 377 1106 O.
402 1042 474 1104 642.
504 1039 585 1105 Xon.
611 1040 682 1124 Cyr.
706 1041 764 1106 ΙΠ.
790 1043 817 1105 1.
842 1043 892 1104 34.
921 1045 960 1126 ίΙν
983 1042 1002 1104 ὁ
1025 1041 1103 1113 θεὸς
1125 1041 1161 1105 εὗ

76 1129 169 1210 Polyb.
189 1130 240 1192 IV.
265 1132 316 1192 21.
340 1131 389 1193 ἵνα
412 1133 481 1194 ποτ’
505 1131 611 1202 αὐτοῖς
633 1131 652 1194 6
675 1130 753 1202 θεὸς
775 1129 810 1194 εὗ
834 1130 891 1214 δῴ.

59 1221 114 1282 170.
135 1221 308 1302 ὑποτρέχων
324 1217 370 1302 σε]
395 1219 440 1284 Cf.
452 1219 530 1283 Plat.
543 1219 636 1304 Resp.
646 1221 711 1282 426
722 1220 758 1284 B.
776 1220 869 1304 Legg.
888 1221 950 1283 923
962 1219 995 1283 0.
1012 1222 1160 1284 Aeschin.

59 1310 83 1370 0.
105 1309 187 1372 etad
208 1311 301 1372 Arist.
325 1307 383 1392 Eq.
407 1309 480 1372 269.

59 1399 105 1459 174
120 1417 159 1479 sq.
190 1395 243 1472 Qu.
270 1435 309 1442 —
333 1397 387 1461 τὸν
419 1397 498 1461 κατὰ
530 1397 650 1480 χθονδς
670 1398 675 1481 Ι
695 1398 841 1463 κεύθοντ’
869 1398 930 1480 (τοί
954 1398 1077 1472 ναίοντ’,
1113 1400 1162 1463 vel

59 1489 104 1559 ντ’,
125 1507 175 1570 pro
197 1487 334 1567 θανόντ’)
359 1523 413 1548 -.
454 1487 513 1550 Vel
532 1525 571 1532 —
588 1487 644 1570 τὴν
668 1493 677 1568 Ι
683 1507 739 1570 pro
762 1487 827 1568 τδν)
856 1488 936 1551 κατὰ
959 1488 1079 1570 χθονὸς
1099 1488 1103 1570 Ι
1124 1488 1160 1551 τὰ

59 1597 96 1639 σο
118 1575 246 1656 θανόντ’)
270 1576 398 1639 ἀκούειν
420 1576 494 1639 τάδε
518 1577 605 1640 δόκει
631 1579 822 1660 ποτωμένην
842 1577 846 1659 Ι
866 1577 976 1660 ψυχὴν
999 1577 1079 1660 ὑπὲρ
1103 1582 1161 1641 σού

59 1667 127 1728 ίύειν
147 1668 210 1748 (pro
231 1666 339 1746 λέγειν,
365 1665 414 1728 vel
437 1666 498 1728 κού
521 1667 641 1748 ψέγειν)
665 1667 735 1747 ἁγὼ
758 1666 849 1748 λέγω.

64 1757 109 1816 75.
131 1754 180 1818 τὸν
201 1755 279 1818 κατὰ
307 1753 428 1837 χθονδς
456 1754 602 1839 θανόντ’]
631 1753 704 1839 Leg.
728 1755 782 1819 τὸν
799 1793 840 1802 -
856 1755 1003 1819 κεύθοντ’
1026 1756 1161 1838 (ναιόνι’,

59 1846 135 1922 έντἸ.
173 1842 216 1907 01.
239 1844 280 1907 ad
303 1845 396 1926 Soph.
418 1843 465 1907 El.
483 1845 556 1907 968.
579 1846 741 1928 εὐσέβειαν
763 1845 799 1908 ἐκ
822 1844 942 1928 πατρὸς
965 1846 1053 1908 κάτω
1074 1847 1079 1929 Ι
1098 1846 1159 1909 θα-

77 1933 285 2013 Ικεύθοντοςῗ)
310 1935 393 1997 οἴσει.
417 1935 466 2016 Aj.
492 1935 564 1997 634.
582 1934 673 2016 Ἅιδᾳ
696 1934 835 1998 κεύθων.

59 2026 105 2085 85.
129 2020 371 2105 ξυνεκκομίζειν]
405 2021 448 2086 Cf.
472 2021 568 2106 ffipp.
592 2023 665 2086 465.
698 2025 819 2094 πόσους
848 2023 882 2087 δὲ
909 2024 998 2087 παισί
1024 2025 1162 2108 πατέρας

59 2111 137 2194 ηκόσι
157 2113 162 2193 Ι
186 2113 420 2194 ξυνεκκομίζειν
444 2110 577 2194 Κύπριν.
606 2111 652 2176 El.
678 2113 728 2175 73.
752 2111 801 2176 Fr.
826 2113 903 2194 339,
930 2114 956 2175 1.
988 2115 1107 2197 ποτέρα
1130 2138 1162 2176 τε

79 2201 180 2284 ἡδέως
212 2203 414 2285 ξυνεκφέρειν
439 2202 443 2283 Ι
468 2201 580 2284 φίλους
611 2203 733 2283 ἔρωτας
769 2201 930 2286 ἐκβαλόντ’
962 2201 1130 2276 αὐθαδίαν,
1155 2201 1159 2289 Ι

77 2314 109 2354 τε
130 2291 238 2372 πατρίς
373 2291 446 2354 686.
469 2290 666 2375 θνήσκοντα]
691 2289 750 2366 Qu.
774 2291 941 2373 ἀρκοῦντα.
1138 2285 1140 2290 ’

59 2381 100 2442 38.
124 2379 227 2464 κενὸν]
252 2377 296 2442 cf.
320 2379 360 2443 ad
383 2379 477 2462 Soph.
494 2382 543 2462 ΔΙ.
560 2381 633 2444 986.
657 2380 704 2450 ὡς
726 2387 820 2464 κενῆς
840 2381 844 2463 Ι
865 2381 1008 2464 σκύμνον
1030 2381 1161 2464 λεαίνης.

59 2470 99 2531 39.
124 2468 304 2553 ἀλώμενος]
329 2469 529 2551 δεδμημένος
554 2470 603 2532 vel
626 2470 789 2553 ἀνειμένος
812 2469 844 2532 F.
869 2469 918 2533 W.
942 2469 1093 2534 Schmidt.

59 2561 97 2622 16.
122 2559 166 2628 είς
189 2558 289 2641 ὀργὴν
311 2556 431 2642 πεσὼν]
456 2557 500 2622 Of.
518 2557 651 2622 Monost„
669 2562 719 2622 71.
744 2558 850 2641 θυμὸς
872 2561 916 2630 είς
931 2559 1031 2643 ὀργὴν
1045 2561 1161 2625 πεσών.

79 2647 141 2728 γὰρ
158 2648 241 2730 ὀργᾷ
264 2649 367 2731 δὴμσς
390 2649 433 2717 είς
455 2647 564 2730 θυμδν
586 2647 694 2712 πεσὼν
716 2647 831 2712 Naber.

60 2740 95 2799 17.
120 2737 236 2819 ὅμοιον
259 2737 340 2800 ὥστε
363 2735 422 2821 -Ι
446 2734 489 2799 Of.
514 2737 765 2822 4666643661.
791 2740 884 2802 1311.
914 2739 1025 2822 ὅμοιος
1052 2739 1162 2822 ὥσπερ

60 2827 89 2889 έκ
114 2827 221 2908 τάφον
244 2827 364 2908 πρέπει.

60 2919 84 2978 ’8
102 2935 149 2997 sq.
176 2913 221 2978 Cf.
248 2916 311 2979 706
328 2935 373 2998 sq.
406 2915 455 2979 Fr.
481 2916 554 2992 340,
578 2917 606 2978 2.
641 2915 764 3000 Κύπρις
797 2916 857 2998 γὰρ
886 2918 962 2981 οὐδὲ
989 2919 1161 2982 νουθετού-

60 3005 145 3087 αλᾷ·
166 3005 172 3086 Ι
194 3008 235 3087 ἢν
264 3004 293 3067 δ’
317 3003 358 3067 αὖ
381 3005 490 3086 βιάζῃ,
517 3004 639 3086 μᾶλλον
667 3007 834 3069 είτείνειν
857 3008 946 3089 φιλεῖ.
971 3005 1063 3091 Soph.
1087 3011 1161 3071 Ant.

78 3095 256 3178 praecipue
277 3095 349 3157 716.
374 3095 478 3164 οὕτως
502 3094 537 3158 δὲ
560 3094 636 3164 ναὸς
659 3095 741 3165 ὅστις
773 3096 910 3179 ἐγκρατῆ
932 3097 1017 3160 πόδα
1039 3101 1043 3176 Ι
1063 3099 1162 3168 τείνας

65 3183 175 3266 μηδὲν
200 3183 321 3254 ὑπτίοις
343 3184 430 3248 κάτω
452 3182 456 3268 Ι
477 3185 615 3267 στρέψας
637 3183 673 3247 τὸ
695 3184 807 3248 λοιπὸν
830 3185 990 3265 Ιπδοῖονῖ)
1014 3186 1163 3268 σέλμασιν

61 3297 122 3335 τσι.

61 3364 87 3424 8.
114 3363 146 3425 εἰ
168 3361 200 3425 δ’
224 3362 355 3444 ἡσύχως
377 3386 421 3432 τις
441 3361 536 3432 αὐτὸς
551 3363 711 3426 ἐντείνοντι
725 3363 785 3445 μὲν
802 3383 873 3426 mSS.
899 3363 969 3428 εἶδ’
985 3365 1104 3448 ἡσνχός
1119 3389 1163 3436 τις

61 3453 228 3514 ντείνοντα
254 3450 361 3530 (αὐτὸν
387 3452 545 3516 ἐνιείνονιι
569 3451 748 3534 8166.)μὲν
772 3490 811 3497 -
837 3452 946 3516 Elmsl.
971 3454 1108 3517 661166.
1135 3456 1162 3517 7.

61 3541 80 3604 7.
102 3541 197 3622 930,
223 3542 375 3624 supplens
396 3541 484 3622 δρῶν
507 3549 563 3604 aut
585 3541 692 3614 εἰδὼς,
716 3543 800 3605 utin
818 3542 891 3605 800.
934 3541 1162 3626 corrigendum

61 3655 62 3664 ¹
90 3669 135 3676 —
163 3629 222 3693 τὸν
255 3629 330 3692 πόδ’
363 3629 519 3694 έντοθένι’
551 3631 632 3713 ἄγαν
657 3667 711 3704 -,
744 3639 799 3694 aut
822 3633 850 3693 εἰ
872 3631 900 3695 δ’
924 3633 1053 3715 ἡσύχως
1076 3633 1163 3714 αύτῷ

62 3720 192 3783 εἰνοντί
219 3743 264 3789 τις
284 3721 288 3800 Ι
309 3718 418 3802 χαλῶν
440 3720 576 3793 ὑπείκοι,
605 3727 659 3783 aut
686 3721 790 3803 potius
818 3721 847 3783 εί
868 3721 896 3784 δ’
920 3723 1048 3804 ἡσύχως
1076 3723 1163 3804 αὐτῷ

62 3833 132 3872 νων
158 3810 248 3891 ἄγαν
272 3845 326 3872 -.
366 3808 509 3888 01106.
538 3809 591 3873 καὶ
614 3815 691 3879 ναῦς
716 3809 777 3892 γὰρ
801 3811 964 3874 ἐνταθεῖσα
987 3810 1069 3893 πρὸς
1091 3813 1163 3894 βίαν

62 3902 180 3980 ίαηνεν.
218 3897 314 3982 Soph.
340 3901 412 3963 Ant.
438 3900 510 3963 715.
549 3898 697 3982 Ineptum
731 3905 815 3964 certe
849 3901 900 3963 hic
932 3907 979 3964 est
1008 3900 1077 3982 μὲν,
1110 3901 1163 3963 oui

91 3989 190 4071 quod
216 3986 416 4070 respondeat.

62 4089 75 4140 1.
104 4079 176 4161 ἀνῇ
202 4076 325 4161 πνοὰς]
359 4077 416 4154 Qu.
445 4077 505 4160 ἀνῇ
528 4084 638 4160 πνοῆς.
677 4077 721 4142 Of.
745 4078 784 4140 ad
809 4079 904 4142 Arist.
928 4079 1064 4142 Acharn.
1090 4080 1163 4142 347.

80 4167 190 4250 πνοή.
236 4165 281 4229 Cf.
306 4165 398 4250 Soph.
422 4166 503 4230 Phil.
528 4167 601 4230 639.
626 4167 752 4230 ἐπειδὰν
778 4173 905 4250 πνεῦμα
928 4169 1006 4232 τούκ
1028 4169 1164 4251 πρῴρας

63 4258 80 4319 δ
109 4257 182 4339 ἀνῇ
208 4257 328 4320 πνέων.

64 4395 71 4407 .
101 4347 194 4409 ὅσον
226 4344 345 4429 θέλεις]
384 4346 454 4408 σίου
485 4346 588 4415 θέλεις
611 4345 718 4410 Cobet.
757 4345 862 4410 Recte.
902 4347 947 4410 Cf.
971 4346 1042 4411 Hel.
1069 4347 1162 4410 1300.

63 4437 226 4518 ιγχάνων
261 4436 339 4499 οἴων
366 4458 401 4497 σε
427 4437 498 4519 χρή.
545 4435 607 4498 Sed
635 4435 701 4518 Iph.
727 4438 763 4498 Α.
789 4437 861 4498 996.
886 4439 905 4518 ἢ
928 4436 974 4519 μὴ
998 4437 1164 4519 παρούσης

63 4527 197 4606 ύξομαι
225 4525 328 4587 σέθεν.

908 4633 950 4696 26
