3346 5218
344 447 386 519 34
907 465 1008 522 mm

341 638 462 719 νητέων
490 634 575 719 (edm)
603 635 639 700 τὰ
668 639 788 720 πρῶτα.
828 636 880 700 VI.
907 638 977 701 100.
1005 637 1156 721 Αἰσχίνης
1184 633 1202 702 δ
1226 636 1391 710 Νόθωνος
1419 639 1482 704 ἒὼν
1504 645 1563 702 τῶν

338 725 522 808 Ἐρετριέων
537 727 573 790 τὰ
590 733 709 808 πρῶτα.
734 727 859 791 Heliod.
876 726 916 789 X.
937 728 985 789 12.
1010 729 1120 808 γένους
1142 735 1198 791 τοῦ
1214 729 1372 811 βασιλείου
1395 731 1432 792 τὰ
1456 736 1562 813 πρῶτα

341 817 394 878 καὶ
418 817 567 898 ἐγγύτατα
591 817 686 896 (ἐστί).
726 815 896 880 11000011.
921 819 971 879 87.
1001 818 1117 900 ‘prima
1140 818 1306 880 virorum’.
1332 817 1424 881 Ovid.
1449 823 1518 882 Am.
1541 819 1563 882 I.

345 905 370 966 1.
397 906 445 966 19.
471 907 608 968 ‘summa
632 907 750 968 ducum
774 905 925 970 Atrides'.

349 1027 351 1033 ·
431 996 503 1058 920.
527 997 609 1077 ἥβης
631 995 718 1064 τέλος
740 995 907 1078 μολόντας]
925 995 968 1058 Of.
987 995 1053 1059 Alc.
1071 997 1144 1058 413.
1165 997 1241 1060 οὐδὲ
1258 999 1366 1080 γήρως
1381 999 1458 1080 ἔβας
1473 998 1563 1066 τέλος.

431 1086 503 1146 922.
527 1083 618 1166 αὕτη]
643 1084 772 1147 011110.
792 1085 862 1146 776.
888 1082 992 1156 οὗτος,
1016 1087 1045 1147 τί
1066 1085 1182 1167 σεμνὸν
1199 1123 1240 1131 -
1256 1087 1396 1169 βλέπεις,·
1483 1089 1561 1168 χλω-

336 1180 408 1254 ροῖς
425 1173 479 1256 -]
504 1172 547 1236 Cf.
566 1173 638 1236 906.
664 1173 733 1237 Hel.
753 1174 846 1234 1205.
870 1174 1007 1255 χλωροῖς
1029 1199 1060 1236 τε
1082 1176 1198 1256 τέγγεις
1222 1175 1356 1256 δάκρυσι
1380 1177 1439 1258 σήν
1462 1199 1562 1258 παρη-

340 1261 400 1324 ΐδα.
425 1261 517 1344 Soph.
542 1261 589 1324 Tr.
614 1265 686 1325 847.
711 1263 840 1344 χλωρὰν
862 1265 960 1344 τέγγει
984 1263 1136 1346 δακρύων
1153 1266 1266 1346 -ᾶχναν,

431 1351 504 1413 923.
529 1350 573 1413 Cf.
601 1353 693 1414 1148.
718 1352 832 1433 λευκήν
855 1351 880 1412 τ’
904 1353 1074 1434 ἀπέστρεψ’
1099 1354 1232 1434 ἔμπαλιν
1254 1354 1405 1435 παρηΐδα.
1656 1387 1657 1418 ι

430 1441 493 1502 925
515 1461 559 1523 sq.
590 1440 758 1524 Suspectos
790 1440 886 1506 habet
916 1441 947 1503 Τ.
976 1441 1187 1506 Halbertsma.
1233 1443 1322 1506 Idem
1356 1463 1383 1505 v.
1411 1445 1484 1506 925.
1513 1445 1565 1506 de·
1656 1469 1657 1490 ¹

283 1580 285 1585 .
339 1529 468 1591 lendum
493 1549 562 1593 esse
585 1539 701 1593 censet.
1656 1527 1657 1570 ³

347 1653 350 1660 ·
430 1619 501 1681 925,
527 1619 631 1703 οὐδέν]
657 1617 791 1682 01100.
816 1621 889 1682 404.
914 1621 1010 1684 Arist.
1033 1623 1092 1682 Av.
1120 1621 1212 1684 1360.

430 1709 501 1770 926.
527 1706 561 1770 εὗ
578 1708 639 1790 γὰρ
655 1709 798 1790 θήσομαι
819 1747 844 1770 ·-.-
858 1709 870 1792 ]
886 1707 920 1772 εὖ
945 1710 1005 1791 γὰρ
1021 1711 1121 1774 τῶνδε
1136 1711 1281 1792 θήσομαι
1296 1712 1368 1792 πέρι
1383 1711 1437 1776 Br.
1455 1710 1564 1775 Elmsl.
1656 1673 1657 1704 ÷

340 1794 383 1858 Cf.
408 1795 474 1879 Iph.
498 1799 536 1860 Α.
562 1798 634 1860 663.
662 1799 798 1879 θέμενος
826 1797 860 1860 εὗ
888 1800 981 1861 τάκεῖ.
1010 1798 1104 1862 Herc.
1130 1801 1202 1862 938.
1227 1800 1299 1873 ἐξὸν
1324 1837 1363 1845 -
1389 1799 1424 1862 εὗ
1448 1802 1564 1864 θέσθαι
1656 1825 1657 1844 .

338 1885 420 1948 ιω..
444 1885 671 1969 10111003.
696 1887 800 1950 Bacch
834 1889 885 1950 49.
909 1887 1002 1970 Soph.
1028 1888 1074 1950 00.
1101 1890 1194 1951 1434.
1242 1887 1299 1964 Qu.
1324 1888 1359 1952 εὖ
1384 1891 1445 1972 γὰρ
1469 1891 1564 1954 παρ’

338 1975 402 2055 ἐγὼ
426 1976 520 2057 θήσω
544 1977 667 2057 πότμον
691 1981 756 2059 (pro
780 1979 870 2059 πέρι).

429 2066 501 2126 927.
525 2065 623 2148 οὔτοι]
647 2067 713 2128 οὔτι
737 2065 771 2127 Β.
789 2066 821 2129 C.
846 2065 907 2147 Χρ.
931 2065 1035 2148 Πάσχ.
1062 2068 1133 2130 767.
1171 2067 1275 2132 Recte.
1315 2067 1395 2132 Fort.
1420 2070 1506 2132 οὐδέ.
1656 2085 1657 2130 1

428 2154 500 2215 928.
530 2155 606 2235 γυνὴ
642 2154 676 2217 δὲ
708 2155 791 2237 θῆλυ
826 2155 884 2239 -]
918 2155 961 2218 Cf.
986 2156 1079 2219 Herc.
1105 2157 1176 2218 536.
1209 2157 1245 2218 τὸ
1279 2158 1362 2239 θῆλυ
1396 2160 1458 2240 γάρ
1493 2183 1564 2228 πως
1656 2197 1657 2216 .

336 2242 457 2324 μᾶλλον
485 2243 611 2325 οἰκτρὸν
639 2245 790 2324 ἀρσένων.
824 2243 871 2306 Fr.
898 2247 969 2306 322.
994 2247 1077 2325 ἔρως
1105 2245 1165 2327 γὰρ
1189 2246 1288 2326 ἀργὸν
1311 2247 1389 2309 κάπὶ
1411 2249 1564 2318 τοιούτοις
1656 2295 1657 2326 γ

337 2333 406 2413 έφυ.
441 2331 533 2415 Soph.
559 2334 606 2415 Aj.
633 2334 704 2396 580.
728 2335 827 2415 κάρτα
856 2357 901 2396 τοι
930 2334 1136 2415 φιλοίκτιστον
1160 2336 1246 2417 γυνή.
1337 2337 1388 2399 έπί
1411 2337 1564 2419 δακρύοις
1656 2343 1657 2358 ³

336 2421 410 2504 ἔιμυ]
436 2420 479 2485 Cf.
503 2422 580 2484 Ηεο.
608 2423 700 2485 1186.
726 2424 768 2492 είς
791 2424 932 2504 ἀριθμὸν
955 2429 1018 2486 τῶν
1041 2429 1155 2486 κακῶν
1177 2425 1374 2506 πεφύκαμεν.
1656 2475 1657 2490 .

428 2511 499 2572 931.
524 2509 673 2575 Deleatur
706 2512 831 2593 virgula
859 2520 929 2594 post
956 2511 1067 2582 οίκτος.
1159 2514 1285 2596 εἰσῆλθέ
1310 2515 1346 2596 μ’
1374 2515 1479 2585 οἶκτος
1510 2516 1561 2598 -Ι
1656 2529 1657 2612 J

337 2600 380 2663 Of.
408 2601 478 2662 184.
509 2601 619 2680 δράσω
642 2600 721 2672 τάδ’,
744 2602 823 2682 ἀτὰρ
846 2602 950 2682 φόβος
978 2603 1006 2664 εί
1026 2603 1125 2664 πείσω
1146 2605 1150 2676 Ι
1172 2603 1341 2666 δέσποιναν
1364 2605 1452 2686 έμήν.
1477 2603 1560 2668 Χεα.

336 2693 396 2752 An.
413 2688 437 2751 I.
455 2693 482 2751 4.
502 2694 529 2752 7.
555 2691 585 2752 οἷ
608 2690 635 2752 δ’
660 2691 813 2771 ᾤκτειρον
837 2692 865 2753 εἰ
886 2691 1066 2754 ἁλώσοιντο.
1091 2690 1183 2774 Soph.
1200 2693 1249 2774 Aj.
1268 2695 1339 2756 510.
1364 2695 1496 2774 οἴκτειρε
1521 2732 1561 2739 -
1656 2721 1657 2724 ’

335 2779 433 2840 παῖδα
461 2778 515 2841 τὸν
543 2779 600 2841 σὸν
628 2781 656 2841 εἰ
687 2817 723 2824 -
752 2786 810 2843 σοῦ
840 2781 983 2842 διοίσεται
1011 2781 1119 2860 μόνος.
1151 2780 1218 2864 Iph.
1244 2785 1280 2844 A.
1305 2783 1379 2844 487.
1409 2783 1496 2853 ἔλεος
1522 2821 1560 2828 —-
1656 2767 1657 2830 Ῐ

335 2867 462 2949 εἰσῆλθε
485 2869 554 2949 (με).
579 2866 630 2930 Or.
654 2869 745 2931 1678.
769 2871 868 2932 καίτοι
890 2869 925 2949 μ’
949 2870 1032 2951 ἐσῄει
1056 2870 1155 2950 δεῖμα.

426 2958 497 3018 932.
522 2959 564 3027 εἰς
592 2958 689 3038 ἐμοὺς
718 2960 803 3040 ήκεις
831 2957 955 3041 λόγους]
986 2958 1030 3020 Cf.
1056 2959 1100 3021 ΕΙ.
1129 2959 1221 3021 1054.
1251 2961 1320 3023 οὐδ’
1349 2963 1392 3030 είς
1419 2962 1561 3043 ἀριθμὸν
1656 3005 1657 3008 =

333 3051 398 3108 τῶν
421 3047 510 3126 ἐμῶν
533 3049 619 3128 ἥκεις
642 3048 747 3128 λόγων
771 3047 924 3129 (φίλωνῬ).
1656 3079 1657 3098 1

342 3167 344 3174 ·
425 3136 497 3196 933.
521 3141 584 3198 τῶν
608 3136 636 3198 δ’
660 3137 724 3217 ἐγὼ
751 3135 991 3218 μνησθήσομαι]
1019 3143 1083 3199 τῶν
1113 3139 1146 3200 δὲ
1175 3145 1231 3200 νῦν
1259 3142 1326 3218 (aut
1354 3140 1382 3201 δ’
1411 3141 1478 3221 ἔτι),
1507 3153 1561 3203 aut

333 3229 397 3286 τῶν
422 3224 450 3286 δ’
475 3225 753 3307 ἐπιμνησθήσομαι
777 3225 881 3288 Herw.
920 3225 1059 3306 Vulgata
1082 3227 1157 3290 ferri
1182 3229 1299 3310 nequit.

424 3315 496 3376 938.
521 3315 709 3398 ἀπαίρομεν]
735 3314 776 3378 Cf.
802 3315 869 3377 TrO.
889 3317 961 3377 944.
986 3315 1137 3397 Σπάρτης
1160 3318 1294 3399 ἀπῆρας.
1319 3316 1404 3398 Cyel.
1425 3319 1498 3381 131.
1515 3321 1560 3388 ὡς

334 3403 520 3484 δπαίρωμεν
543 3405 671 3485 χθονός.
1656 3401 1657 3424 ’

425 3493 496 3553 939.
520 3493 631 3562 παῖδες
655 3493 694 3576 δ’]
722 3492 828 3555 Malim
852 3495 967 3563 παῖδας
991 3494 1028 3555 δ’.

424 3582 495 3643 941.
520 3583 580 3644 οὐκ
604 3582 664 3645 οἷδ’
688 3585 727 3644 ἂν
751 3584 779 3645 εί
799 3583 948 3666 πείσαιμι]
974 3581 1031 3657 Qu.
1049 3585 1109 3646 οὐκ
1126 3583 1197 3646 οἶδά
1214 3585 1242 3648 σ’
1259 3586 1287 3648 εί
1300 3587 1399 3648 πείσω
1422 3611 1456 3648 τι.
1497 3587 1558 3651 Sed
1656 3575 1657 3660 1

334 3670 371 3731 cf.
397 3670 464 3732 Ale.
489 3673 540 3733 49.
569 3671 677 3752 λαβὼν
706 3673 761 3734 ἴθ’·
791 3673 829 3734 οὐ
859 3673 919 3753 γὰρ
948 3671 1007 3734 οἶδ’
1036 3675 1075 3736 ἂν
1098 3675 1126 3735 εί
1146 3676 1286 3754 πείσαιμί
1308 3698 1350 3736 σε.
1378 3674 1457 3738 Plat
1481 3677 1557 3740 Tim.

333 3778 361 3839 p.
380 3759 420 3819 26
438 3759 472 3820 Β.
497 3761 561 3839 ἐγὼ
584 3763 604 3821 ἃ
628 3762 687 3841 μὲν
710 3762 788 3842 χθὲς
811 3763 934 3841 ἤκουσα
959 3761 1019 3824 οὐκ
1043 3765 1082 3824 ἂν
1106 3763 1176 3825 οἶδα
1206 3765 1234 3825 εί
1256 3764 1411 3846 δυναίμην
1434 3766 1557 3828 ἅπαντα
1656 3789 1657 3820 1

334 3847 367 3907 έν
389 3850 499 3929 μνήμη
524 3850 617 3911 πάλιν
640 3850 752 3930 λαβεῖν.
781 3849 870 3913 Delu.
896 3871 923 3933 p.
946 3850 1035 3913 1103.
1061 3853 1124 3932 ἐγὼ
1149 3852 1209 3932 γάρ
1233 3853 1327 3922 αὐτὸς
1350 3854 1410 3916 οὐκ
1434 3856 1475 3915 ἂν
1499 3855 1558 3918 οἶδ’
1656 3903 1657 3906 .

334 3937 353 3997 ὅ
375 3961 401 3997 τι
424 3937 499 4000 ἄλλο
523 3937 607 4019 εἶχον
631 3941 842 4020 ψηφίσασθαι.
866 3939 1016 4001 1000111.
1033 3941 1082 4002 02.
1100 3941 1139 4003 οὐ
1163 3942 1223 4022 γὰρ
1247 3944 1286 4003 ἂν
1310 3939 1370 4004 οἶδ’
1393 3943 1438 4004 ὅτι
1462 3945 1559 4007 πλέον
1656 3965 1657 3980 ³

333 4026 419 4105 εὕροι
447 4028 566 4088 τούτου.
601 4028 678 4090 Plat.
703 4026 809 4110 Symp.
835 4029 898 4089 210
914 4033 951 4090 Α.
977 4028 1013 4090 τὰ
1039 4031 1073 4091 δὲ
1095 4031 1181 4093 τέλεα
1208 4069 1247 4076 -
1273 4031 1333 4093 οὐκ
1358 4030 1418 4094 οἶδ’
1442 4035 1472 4095 ελ
1493 4035 1558 4104 οίός
1656 4107 1657 4112 ¹

332 4117 356 4174 τ’
381 4116 420 4176 ἂν
443 4117 507 4196 εἴης
532 4117 603 4190 (οὐκ
627 4119 666 4178 ἂν
690 4116 750 4178 οἶδ’
774 4119 802 4178 εί
823 4117 889 4186 οἷός
911 4117 936 4178 τ’
961 4119 1045 4199 είηςῬ
1069 4139 1111 4180 sc.
1133 4121 1302 4201 μυεῖσθαι).
1656 4113 1657 4140 ³

424 4206 495 4266 942.
512 4207 663 4268 αἰτεῖσθαι
683 4205 813 4288 πατρὸς]
841 4207 987 4286 Anglioe,
1012 4215 1046 4270 to
1072 4208 1141 4290 λιες
1163 4211 1202 4271 of
1221 4229 1318 4290 your
1341 4211 1474 4274 father.
1515 4213 1557 4275 Cf.

336 4293 428 4354 1154.
457 4294 510 4355 καὶ
532 4297 713 4375 παραιτήσει
741 4295 859 4376 πατρὸς
881 4295 884 4378 ή
905 4296 1009 4376 φυγὰς
1037 4298 1162 4377 ἀηιεῖναι
1189 4299 1276 4360 παισὶ
1299 4307 1356 4361 ote.
1402 4297 1486 4363 Fort.
1511 4305 1556 4364 αι’-

332 4383 451 4444 τεῑσθιιι
476 4381 504 4444 ’κ
527 4383 654 4463 πατρός,

424 4471 495 4532 945.
525 4474 610 4550 εἴπερ
639 4478 798 4552 γυναικῶν
826 4473 877 4553 (γ’)
905 4473 1011 4536 Herm
1102 4481 1165 4538 τῶν
1193 4476 1309 4560 ἄλλων]
1337 4483 1401 4540 τῶν
1428 4480 1558 4544 πολλῶν

333 4557 454 4622 Nauck.
