3258 5200
616 454 774 500 suppmcns
1244 435 1306 499 139

171 617 245 678 454.
270 615 394 697 όάκρυα
424 615 452 679 θ’
481 613 695 699 ἑτοιμάζουσι]
729 615 854 698 όόκρυα
887 613 923 678 όὲ
955 620 1019 684 τοῖς
1047 613 1168 678 θιόοῦσι
1196 613 1305 679 Elmsl.

74 705 208 787 δάκρυα
237 706 272 768 όὲ
299 711 362 776 τοῖς
390 707 528 779 σώζουσι
556 705 669 768 Blomf.
708 704 733 768 F
735 710 789 768 ort.
814 705 940 785 όάκρυά
969 707 996 785 γ’
1026 741 1077 766 -.
1122 704 1247 787 δάκρυα
1271 704 1306 768 όὲ

73 802 142 865 τοῖς
166 801 291 858 τεκοῦσι
309 793 421 858 Markl.
441 793 565 858 Wilam.
591 795 714 877 όόκρυα
740 795 769 858 θ’
793 796 900 876 ἑτοῖμα
924 795 1030 858 σοῦστι
1052 793 1177 858 Munro.
1259 794 1305 877 μὴ

75 886 169 967 ζῴην
197 883 251 968 ἔτι]
279 884 324 967 μὴ
354 884 443 967 ζῴην
470 884 534 966 ἐγὼ
562 883 651 947 Ηαεί.
678 883 802 947 Wilam.
842 886 887 947 At
909 885 945 946 cf.
970 882 1021 946 Or.
1048 883 1143 946 1146.
1171 882 1216 965 μὴ
1246 882 1306 964 γὰρ

77 973 137 1036 οὖν
162 975 252 1056 ζῴην
275 976 329 1046 ἔτι,
350 975 354 1056 ]
376 975 404 1036 εἰ
424 975 469 1056 μὴ
495 1012 550 1035 --.
573 974 671 1037 Arist.
695 973 777 1037 Nub.
804 973 897 1035 1255.
921 973 1031 1055 μηκέτι
1055 973 1143 1055 ζῴην
1166 973 1239 1054 ἐγώ.

171 1065 244 1126 455.
268 1063 471 1146 νυμφεύεται]
506 1062 617 1126 Malim
649 1063 867 1145 νυμφεύσεται.
911 1061 951 1126 Et
982 1063 1028 1126 sic
1061 1060 1168 1125 Elmsl.
1197 1060 1306 1126 Herm.

74 1154 186 1216 Recte.
227 1152 272 1216 Of.
290 1151 341 1216 Or.
362 1153 454 1216 1152.
477 1153 523 1237 μὴ
548 1152 609 1235 γὰρ
633 1151 690 1216 οὖν
714 1153 803 1235 ζιβην
826 1154 881 1224 ἔτι,
902 1151 907 1232 Ι
928 1153 956 1214 εί
975 1151 1020 1235 μὴ
1048 1151 1090 1213 ’πί
1112 1151 1198 1234 κείνῃ
1223 1151 1305 1234 φόσ-

74 1267 180 1324 γανον
203 1242 336 1306 σπόσω
360 1245 459 1324 ξίφος.

172 1333 246 1395 456.
270 1331 352 1413 πρὸς
374 1330 454 1416 τόθ’]
478 1333 547 1396 Imo
570 1331 652 1413 πρὸς
674 1331 711 1394 τὰ
735 1331 764 1395 σ’
787 1332 858 1412 (σά).
949 1329 1144 1413 ἐξηκόντισα]
1169 1327 1213 1392 Of.
1236 1329 1306 1392 Tr0.

77 1423 155 1485 144.
191 1423 221 1484 τί
254 1421 328 1492 τοὺς
355 1420 539 1492 Ὀδυσσέως
568 1422 758 1495 ἐξακοντίζω
796 1421 932 1495 πόνους;
968 1419 1057 1502 Trag.
1086 1419 1202 1502 Adesp.
1231 1421 1305 1482 442.

73 1511 214 1594 αἰσχρόν
238 1512 266 1592 γ’
290 1511 365 1574 ὅταν
387 1533 431 1581 τις
456 1547 496 1559 -
521 1511 647 1594 γλώσσῃ
671 1512 824 1593 ματαίους
848 1510 1029 1592 ἕξακοντίσῃ
1054 1509 1177 1590 λόγους.

169 1602 244 1663 458.
269 1603 405 1683 ’πεμφεν
428 1599 528 1682 πόλις]
554 1599 612 1676 Qu.
638 1599 749 1682 ’πεμιγί
773 1602 793 1682 ἡ
817 1600 914 1669 πόλις.
1208 1603 1215 1625 ¹

170 1691 244 1753 463.
270 1689 350 1773 όιὸῴ
373 1689 492 1773 καλῶς]
516 1690 539 1752 Ι.
558 1710 585 1772 q.
611 1688 691 1772 ὁιθῷ
714 1687 748 1754 εὖ
773 1688 819 1768 (εὖ
844 1689 943 1770 όιόῴ]

170 1779 244 1842 466.
268 1780 339 1860 ἐμοί
363 1779 398 1842 ὁὲ
412 1777 528 1863 τάντία]
548 1779 619 1860 ἐμοὶ
636 1779 670 1842 ὀὲ
685 1779 841 1861 τᾶμπαλιν
857 1780 947 1860 (conj.
968 1775 1100 1856 Nauck.)
1117 1781 1172 1840 aut
1186 1777 1306 1859 θάτερα

71 1870 126 1933 W.
153 1868 321 1932 Headlam.
359 1869 429 1950 έμοί
462 1867 492 1931 θ’
520 1869 641 1931 ἐναντία
669 1867 784 1932 Heath.
813 1867 924 1931 Markl.
949 1871 1005 1930 etc.
1041 1866 1111 1948 ἐμοὶ
1141 1866 1175 1930 δὲ
1202 1867 1305 1929 τάντία

71 1959 190 2022 Herm.
214 1957 301 2022 Pors.
341 1958 399 2034 Qu.
423 1957 494 2040 έμοί
518 1957 546 2021 θ’
570 1958 704 2030 ἐναντία,
735 1958 784 2020 vel
808 1957 879 2039 ἐμοί
903 1956 938 2019 όὲ
960 1956 1078 2028 τάντία,
1103 1956 1153 2019 vel
1177 1956 1248 2038 ἐμοί
1271 1957 1307 2019 όέ

72 2049 103 2130 γ’
129 2046 175 2110 οὗ
198 2048 280 2110 τόόε.
319 2045 363 2109 Of.
379 2047 447 2111 Alc.
466 2048 538 2109 529.
562 2047 601 2110 σὺ
624 2047 698 2130 τῇόε
718 2049 845 2127 κρίνεις,
864 2045 1045 2127 Ἡράκλεις,
1068 2046 1154 2128 κείνῃ
1180 2045 1209 2107 θ’
1232 2046 1305 2126 έγιό.

73 2139 129 2202 Or.
159 2137 232 2200 915.
256 2137 341 2218 ἔλεγε
364 2135 441 2220 τῴθ
465 2137 594 2200 ἐναντία.
618 2135 701 2200 Med.
720 2137 814 2199 1351.
838 2135 937 2199 Ενοο.
962 2155 1009 2219 ap.
1030 2133 1115 2199 Stob.
1139 2133 1237 2199 Serm.
1254 2135 1305 2197 80.

71 2227 174 2311 Soph.
199 2228 247 2309 Aj.
273 2227 368 2289 1039.

170 2316 244 2379 468.
267 2314 423 2399 παριέναι]
449 2315 486 2378 V.
510 2314 619 2378 Elmsl.
642 2315 682 2378 ad
705 2315 781 2379 Her.
806 2315 878 2377 154.

170 2406 243 2468 469.
268 2406 297 2468 εί
318 2404 346 2468 θ’
370 2407 450 2468 ἔστιν
477 2405 510 2468 έν
537 2404 586 2489 τῇ]
615 2406 644 2467 εί
669 2403 698 2468 θ’
726 2406 787 2468 ἔστι
813 2404 888 2487 τῇδε
911 2402 1039 2468 Faehse.
1072 2404 1106 2467 έν
1133 2409 1173 2487 γῇ
1200 2403 1304 2468 Reisk.

71 2495 192 2560 Markl.
216 2491 324 2558 Elmsl.
349 2493 470 2559 Weckl.
508 2493 590 2558 Fort.
615 2495 643 2557 εἰ
664 2494 693 2556 θ’
717 2495 778 2557 ἔστι
800 2493 882 2576 τῇόε.

170 2585 243 2648 471.
266 2584 354 2667 τῆσδ’
378 2582 564 2666 ἐξελαύνειν]
592 2583 682 2647 Haec
709 2603 743 2648 se
766 2603 832 2647 non
854 2582 1032 2666 intelligere
1055 2583 1169 2646 fatetur
1196 2579 1305 2646 Elmsl.

71 2676 174 2740 Tacet
197 2673 236 2738 de
258 2675 299 2737 iis
322 2672 497 2737 Markland.

169 2765 244 2826 472.
266 2761 459 2846 προσήκοντ’
483 2761 589 2846 οὐδὲν]
614 2761 658 2826 cf.
683 2761 749 2826 Ion.
766 2764 840 2826 434.
880 2761 990 2826 Malim
1013 2768 1179 2844 προσῆκον
1203 2762 1305 2826 οὐθέν.

169 2853 244 2916 478.
267 2851 438 2935 σφριγῶντ’
463 2853 498 2915 ἐκ
521 2851 716 2937 βραχιόνων]
746 2850 791 2915 Of.
815 2851 978 2935 Hermipp.
1003 2851 1043 2914 Π.
1066 2853 1140 2914 402.
1164 2852 1251 2934 κόμῃ
1274 2876 1306 2915 τε

72 2949 209 3025 νεανικῇ
229 2942 234 3023 Ι
254 2944 377 3025 σφρίγει
399 2966 432 3005 τε
453 2942 644 3024 βραχιόνων.
668 2942 763 3005 Arist.
779 2940 864 3004 Nub.
882 2942 953 3005 799.
978 2943 1156 3022 εὐσωματεῖ
1176 2940 1306 3023 γὰρκαὶ

72 3039 208 3115 σφριγᾷ.
240 3031 313 3114 Lys.
342 3031 393 3096 80.
422 3031 469 3101 ὡς
498 3031 526 3094 θ’
554 3032 708 3113 εὐχροεῖς,
744 3030 790 3100 ὡς
823 3030 857 3094 όὲ
890 3039 1008 3113 σφριγᾷ
1039 3030 1075 3094 τὸ
1107 3031 1202 3112 σῶμά
1237 3055 1305 3094 σου.

73 3120 529 3281 ΙὟύΞίίιέίλυθῖῖέάιι-ῖιςμῖθύιύ]
544 3119 1305 3292 AEOEngZQssZUCZWQZ'gOSQg·[⁰533ss

71 3304 137 3384 βίᾳ.
173 3300 261 3364 Com.
286 3318 379 3364 anon.
403 3300 459 3363 IV.
484 3301 556 3362 654.
585 3303 649 3362 τῶν
677 3301 886 3381 σφριγώντων
913 3300 947 3362 έν
974 3299 1086 3380 λόγοις.
1118 3299 1233 3362 Incort.
1257 3318 1305 3382 ap.

72 3391 175 3454 schol.
200 3388 280 3466 Ven.
304 3390 344 3452 ad
367 3388 404 3453 Il.
430 3389 549 3468 1,207.
577 3393 758 3470 σφριγῶντα
787 3388 895 3470 θυμὸν
922 3387 1068 3470 μαλακὸς
1095 3389 1176 3450 ἰᾶται
1203 3388 1304 3470 λόγος.

119 3481 158 3543 ἐκ
183 3478 378 3563 βραχιόνων]
395 3479 428 3542 ἐν
443 3480 558 3561 βραχεῖ
570 3478 657 3560 λόγῳ
672 3477 762 3541 Ηαῐί.
786 3477 941 3560 ἢτροχὺν
960 3478 1056 3560 λόγον
1071 3483 1188 3542 temere
1205 3477 1237 3541 F.
1256 3478 1304 3541 W.

72 3568 232 3633 Schmidt.
1254 3625 1258 3632 .

167 3659 242 3720 482.
267 3655 316 3722 ἔθ’
332 3657 442 3743 αὑτοῦ]
460 3656 511 3740 ἐφ’
527 3659 626 3720 αὑτοῦ
643 3657 716 3737 (fiir
738 3656 845 3721 seine
861 3657 1014 3741 person)
1030 3657 1063 3721 F.
1076 3657 1126 3720 W.
1144 3656 1305 3738 Schmidt.

72 3749 146 3812 coll.
171 3747 270 3810 Thuc.
286 3747 341 3810 VI.
358 3747 410 3810 40.
427 3749 455 3809 3.
480 3747 557 3829 αὐτὴ
584 3746 612 3810 θ’
637 3747 687 3828 ἐφ’
711 3748 823 3829 έαυτῆς
846 3753 1011 3810 σκοποῦσα
1035 3746 1109 3817 τοὺς
1131 3747 1246 3828 λόγους
1262 3783 1304 3792 -

71 3843 182 3920 κρινεῖ.
207 3843 265 3902 eto.
310 3836 382 3900 Non
407 3837 570 3900 assentior.

167 3927 243 3990 484.
266 3925 342 4008 παρ’
367 3925 469 4010 ὄμμα]
496 3923 553 4001 Qu.
570 3924 638 3989 κατ’
655 3927 759 4009 ὄμμα,
785 3926 869 3990 utin
885 3926 983 3988 Andr.
1003 3926 1096 3989 1040.
1120 3926 1214 3990 Rhes.
1231 3927 1304 3988 418.

168 4017 243 4079 487.
267 4016 321 4078 καί
344 4015 379 4078 τὰ
403 4015 523 4099 χρηστὰ
547 4016 601 4079 καί
624 4015 721 4099 κακὰ]
745 4017 874 4098 θατέρῳ
899 4015 933 4078 όέ
956 4016 1114 4098 χρώμεθα
1139 4015 1304 4097 Gomperz.

72 4106 128 4168 καί
158 4105 196 4168 τὰ
224 4105 344 4188 χρηστὰ
371 4105 425 4169 καί
452 4105 534 4168 καλὰ
562 4103 666 4169 Roisk.
709 4104 793 4188 Lege
821 4106 874 4168 καί
901 4105 938 4167 τὰ
965 4104 1085 4187 χρηστὰ
1113 4105 1167 4167 καί
1194 4102 1230 4166 τὰ
1258 4104 1303 4186 μὴ

73 4199 144 4279 (pro
169 4196 275 4274 κακά).
315 4195 479 4259 Glossema
503 4195 657 4257 estuanti
682 4195 721 4258 ad
744 4195 780 4258 τὰ
804 4197 849 4278 μὴ
875 4195 1076 4278 adscriptum.

168 4285 243 4346 490.
266 4283 413 4347 Ποιναῖσι
429 4283 470 4368 θ’]
488 4290 634 4366 φοναῖσιν
659 4282 690 4346 C.
707 4283 817 4348 Matth.
840 4285 981 4366 τόλμαισι
1003 4284 1032 4346 θ’
1048 4281 1081 4345 F.
1091 4282 1142 4346 W.
1153 4282 1304 4346 Schmidt.

74 4375 178 4454 γόοισι
202 4372 288 4436 Stob.
311 4374 398 4456 prob.
422 4373 546 4454 Elmsl.,
578 4375 635 4455 qui
664 4374 785 4438 confert
813 4373 894 4437 Med.
919 4375 990 4435 105.
1019 4373 1087 4435 Alc.
1112 4373 1305 4435 350-354.

74 4464 134 4540 Qu.
161 4461 331 4525 Πλούτωνι
355 4462 393 4536 θ’,
418 4462 468 4526 vel
491 4465 597 4547 potius
619 4464 784 4546 πολέμοισι
808 4464 837 4526 θ’
862 4467 928 4542 (aut
948 4462 1079 4545 μόχαισι
1104 4462 1152 4542 θ’).
1236 4462 1303 4544 τέρ-

72 4553 169 4615 πετσί
190 4550 229 4636 τ’]
253 4550 326 4635 Leg.
349 4553 490 4636 τέρπεται
514 4552 552 4615 θ’.
