3258 5200
585 420 775 467 flectcrmte

156 582 228 644 182.
252 581 383 664 πάρεστί
402 580 470 666 μοι]
494 580 614 663 ιάρέστ’
638 581 685 645 ἀεὶ
709 579 859 646 Schmidt.

155 672 228 734 183.
252 670 406 754 πρόσθεν]
431 670 479 736 Sc.
503 671 577 752 πρὶν
600 671 703 735 εἰπεῖν.
743 668 801 745 Qu
827 671 973 734 ’ντεῦθεν

156 761 228 823 184.
253 761 286 823 ἐν
317 761 408 844 μέσῳ
432 760 541 824 Valck.
570 761 610 823 ad
637 760 731 844 Hipp.
761 761 834 822 224.
880 758 986 824 Recte.
1027 757 1072 822 01.
1100 759 1168 824 Ion.
1194 762 1288 824 1285.

67 849 93 912 τί
112 849 141 912 δ’
166 850 228 913 ἐστὶ
256 849 367 933 Φοίβῳ
390 850 442 913 σοί
461 874 493 912 τε
516 849 625 913 κοινὸν
648 850 681 912 ἰν
704 850 810 931 μέσση

155 958 228 1020 185.
253 957 347 1020 οὐδέν
369 955 455 1040 ἰσθἸ
480 957 519 1020 οὐ
541 957 669 1039 μέτεσθ’
693 959 773 1038 conj.
796 955 920 1038 Ernst,
945 954 1110 1020 coll.O.R.
1125 958 1197 1020 630.
1222 957 1289 1022 Ion.

69 1044 255 1109 1297111111.
275 1047 368 1108 1194.
391 1046 526 1110 Τ1111ο.1.
545 1047 595 1109 28.
627 1045 668 1110 Et
683 1047 729 1110 sic
744 1044 839 1109 Dobr.
857 1045 963 1110 Kirch.
996 1043 1101 1110 Recte.
1184 1048 1289 1129 ψήφῳ

67 1135 218 1219 δοκῆσαν]
243 1134 267 1197 Ι.
285 1155 313 1216 q.
330 1136 435 1209 δόξαν.
476 1135 520 1200 01.
537 1133 645 1219 Suppl.
664 1136 735 1198 129.
760 1135 823 1216 ἰδίᾳ
847 1134 988 1217 δοκῆσάν
1011 1158 1060 1199 σοι
1083 1135 1149 1198 τόδ’
1166 1138 1185 1218 ἢ
1202 1138 1288 1219 πάσῃ

65 1225 170 1300 :uitem
192 1223 310 1289 Herod.
335 1223 389 1288 VI.
416 1227 465 1288 77.
491 1225 589 1298 δόξαν
613 1225 648 1288 δέ
671 1248 727 1306 σφι
750 1229 808 1288 etc.

158 1315 228 1377 190.
253 1313 334 1384 ὅστις
358 1315 397 1377 ἂν
420 1314 534 1395 τᾶργος
557 1312 656 1396 φύγῃ]
680 1313 764 1396 Lege
788 1313 870 1383 ὅστις
886 1313 1001 1396 Ἄργος
1024 1317 1063 1377 ἂν
1086 1314 1182 1398 φύγῃ.

157 1404 229 1466 191.
254 1404 313 1466 οὐκ
337 1403 400 1486 ἄρ’]
426 1404 464 1467 οὐ
488 1403 549 1485 γὰρ
573 1402 677 1485 Steph.
703 1403 823 1466 Nauck.
847 1401 956 1468 Kirch.
994 1404 1099 1468 Recte.

155 1493 228 1556 193.
253 1493 291 1556 οὐ
320 1493 381 1574 γάρ
408 1517 435 1554 τι
461 1492 574 1574 Τραχίς
603 1493 683 1555 ἐστιν
710 1491 781 1555 οὐδ’
799 1490 948 1573 Ἀχαῖκόν
967 1493 971 1574 Ι
992 1492 1137 1577 πόλισμ’]
1166 1494 1204 1556 οὐ
1228 1493 1289 1575 γάρ

64 1606 88 1643 τι
113 1581 230 1664 Τραχίς
254 1581 324 1646 οὐδ’
344 1580 493 1664 Ἀχαϊκὸν
515 1581 589 1644 τάδε
611 1582 615 1662 Ι
635 1581 771 1662 πόλισμ’.

156 1672 228 1734 195.
251 1669 286 1734 τὸ
311 1669 340 1734 δ’
357 1670 484 1754 Ἄργος]
508 1670 569 1734 τότ’
586 1670 700 1752 Ἄργος
723 1670 851 1735 Faehse.

154 1761 228 1824 197.
251 1766 404 1842 κρανοῦσι
437 1759 547 1823 Einisl.
571 1760 691 1824 Nauck.
730 1758 835 1824 Recte.
931 1761 991 1824 οὐκ
1025 1759 1102 1844 οἶδ’]
1136 1762 1174 1824 οὔ
1207 1760 1289 1844 φημ’

66 1849 182 1926 >ichen
209 1850 264 1931 qui
288 1847 348 1912 οἶδ’
371 1868 412 1913 ex
436 1851 582 1932 sequenti
606 1869 699 1913 versu
723 1849 887 1932 irrepsisse
911 1855 1008 1932 putat.

155 1939 228 2002 199.
252 1938 318 2001 ἀλλ’
343 1937 403 2001 οἶδ’
427 1939 491 2020 ἐγὼ
514 1938 549 2001 τὸ
571 1937 625 2022 -Ι
651 1936 708 2013 Qu.
733 1939 799 2001 ἀλλ’
823 1937 883 2001 οἷδ’
907 1939 972 2019 ἐγώ
994 1963 1040 2002 τοι
1063 1941 1130 2019 (aut
1146 1939 1216 2030 γὰρ)
1234 1979 1288 2001 --.

153 2029 228 2090 200.
252 2029 355 2109 πάρος
379 2025 482 2092 ReisIr.
498 2027 623 2110 Tyrwh.
639 2026 748 2090 Elmsl.
788 2027 831 2091 01.
849 2028 916 2091 Ion.
933 2029 1006 2091 485.
1031 2028 1102 2110 ἐμοί
1116 2029 1175 2110 μὲν
1190 2030 1288 2093 πλού-

63 2142 117 2180 ιου
145 2142 177 2180 τε
202 2119 306 2198 πάρος
327 2115 331 2202 Ι
351 2117 524 2199 βασιλικῶν
551 2117 711 2199 θαλάμων
739 2116 763 2178 τ’
792 2116 852 2180 εἰεν
879 2118 994 2200 τροφαὶ
1021 2118 1142 2200 κήδειοι
1165 2119 1289 2182 κεδνῶν

64 2209 191 2270 τέκνοιν.
210 2209 283 2269 448.
299 2204 392 2290 Soph.
406 2204 441 2269 0.
453 2206 485 2270 O.
496 2207 569 2269 418.
586 2206 607 2270 J
611 2225 701 2270 uren.
714 2205 801 2268 VIII.
819 2207 870 2270 63.
894 2205 1073 2270 ‘Summum
1091 2207 1184 2272 crede
1199 2209 1289 2271 nefas

63 2298 204 2360 animam
228 2297 384 2379 praeferre
408 2295 541 2379 pudori.'

155 2405 228 2466 202.
253 2402 431 2484 ἐπίφθονον
459 2401 518 2485 -Ι
548 2402 591 2466 01.
617 2402 715 2467 Orest.
743 2404 836 2466 1161.
864 2403 1028 2485 παύσομαι
1062 2402 1090 2466 δ’
1118 2405 1217 2466 αἰνῶν
1249 2403 1288 2476 α’,

63 2493 128 2556 ἐπεί
155 2493 158 2573 Ι
183 2494 286 2575 βάρος
321 2516 348 2554 τι
384 2492 445 2554 κάν
475 2492 552 2574 τῷδ’
586 2492 674 2565 ἐστὶν,
707 2493 861 2556 αἰνεῖσθαι
892 2493 969 2556 λίαν.
1003 2491 1071 2576 Iph.
1095 2495 1133 2556 A.
1158 2493 1222 2555 979
1243 2512 1288 2575 sq.

106 2582 200 2645 πόλιν
221 2581 282 2663 μὲν
305 2581 411 2665 ἀρκεῖ]
435 2581 524 2645 πόλει
546 2581 606 2664 μὲν
629 2582 722 2662 ἀρκεῖ
744 2581 851 2644 Kirch.
880 2581 986 2663 ὀλίγον
1010 2619 1050 2627 -
1076 2580 1190 2646 Naber.
1230 2579 1289 2656 Qu.

63 2672 151 2734 πόλει
174 2671 244 2734 τάδ’
269 2671 366 2752 ἀρκεῖ.
466 2672 521 2734 καὶ
544 2671 604 2753 γὰρ
628 2669 686 2734 οὖν
710 2669 769 2753 -Ι
794 2671 839 2735 01.
865 2670 916 2734 01.
943 2672 1036 2735 1159.
1061 2670 1128 2754 Iph.
1152 2673 1190 2734 A.
1216 2672 1288 2734 985.

154 2762 218 2823 203
235 2780 281 2842 sq.
305 2761 373 2823 λίαν
397 2797 438 2807 -
462 2761 544 2842 ἄγαν
566 2758 675 2824 Elmsl.

154 2851 226 2914 208.
251 2848 355 2932 πατὴρ
379 2849 414 2912 δὲ
436 2850 531 2932 τῆσδε
556 2849 644 2913 malit
667 2849 775 2912 Elmsl.

155 2941 227 3002 211.
251 2937 428 3021 θυγατρός]
452 2938 566 3008 παιδὸς
588 2937 696 3002 11111131.
722 2939 762 3001 ad
785 2937 899 3003 Bacch.
918 2941 989 3002 181.
1029 2938 1073 3002 01.
1090 2941 1130 3003 ad
1147 2939 1198 3003 Or.
1216 2941 1289 3003 374.

108 3027 222 3113 γεγώς]
248 3027 306 3102 Qu.
332 3030 367 3109 γέ
388 3051 460 3091 που.
551 3027 757 3112 αὐτανέψιος]
782 3027 827 3091 01.
852 3029 1003 3098 αὐτόπαις
1026 3028 1119 3113 Soph.
1142 3029 1190 3092 Tr.
1215 3029 1288 3091 826.

155 3120 227 3182 213.
252 3116 379 3200 γένους]
404 3119 494 3199 γένος
517 3116 647 3200 Burges.
671 3115 766 3180 Dobr.

155 3227 227 3288 215.
252 3248 302 3288 σοι
324 3223 428 3308 παισί]
452 3221 525 3307 Leg.
548 3231 611 3294 τοῖς
633 3225 728 3287 παισί.

155 3316 227 3376 223.
251 3313 351 3396 χωρὶς
379 3313 413 3376 ἰν
440 3313 528 3377 πόλει
555 3313 669 3397 κακὸν]
698 3315 732 3376 ἔν
755 3339 786 3377 τε
813 3321 849 3396 τῇ
873 3314 961 3378 πόλει
984 3314 1087 3378 κακὸν
1111 3313 1173 3378 Erf.
1202 3315 1236 3378 ἔν
1258 3338 1289 3377 τε

63 3409 103 3484 σῇ
129 3404 215 3466 πόλει
238 3403 341 3466 κακὸν
357 3401 466 3466 Einrsl.
490 3403 543 3466 nui
566 3403 648 3484 πρὸς
671 3404 704 3465 ἐν
719 3403 808 3466 πόλει
824 3409 889 3483 (aut
903 3405 991 3486 χᾶμα
1007 3411 1044 3488 τῇ
1060 3404 1158 3486 πόλει)
1176 3404 1289 3466 ΒΙο1111.

63 3495 95 3553 in
123 3491 229 3567 Quart.
253 3493 329 3556 Rev.
353 3490 412 3556 IX.
430 3493 502 3554 357.
527 3492 608 3570 (coli.
633 3492 712 3555 Piat.
730 3491 803 3555 crit
821 3494 848 3554 5.
873 3493 933 3575 ὅρα
960 3493 1006 3576 μὴ
1036 3495 1103 3574 ἅμα
1126 3501 1173 3575 τῷ
1195 3501 1290 3574 κακῷ

62 3581 117 3643 καὶ
147 3581 258 3664 αἰσχρὰ
291 3579 312 3664 ᾗ
345 3583 397 3644 σοι’
420 3605 453 3644 τε
485 3582 538 3644 καὶ
566 3583 660 3664 ἡμῖν.)
683 3582 783 3664 χωρὶς
806 3583 839 3645 ἐν
861 3583 949 3645 πόλει
972 3582 1074 3646 κακὸν
1097 3582 1160 3646 Erf.
1183 3583 1216 3645 in
1242 3583 1288 3645 ed.

61 3671 178 3734 minor.
200 3671 317 3753 Reisig.
340 3671 448 3734 Herm.
488 3671 546 3748 Qu.
570 3671 657 3752 χᾶμα
674 3677 710 3753 τῇ
729 3709 783 3744 -,
808 3678 863 3735 aut
885 3678 940 3735 τοῦ
959 3673 1046 3736 πόλει
1062 3673 1160 3755 χονρίς
1176 3678 1288 3735 κακοῦ.

63 3759 111 3822 01.
138 3759 214 3823 Piat.
239 3759 332 3844 Legg.
352 3759 421 3822 VII.
442 3762 506 3823 814
524 3759 558 3822 Β.
582 3761 620 3822 οὗ
646 3797 686 3804 -
712 3761 872 3843 εὔσχημον
896 3761 1020 3843 γίγνοιτ’
1043 3764 1082 3825 ἂν
1105 3767 1160 3825 τοῦ
1184 3767 1288 3824 κακοῦ

61 3871 172 3931 χωρις.

160 3957 228 4021 227.
252 3959 305 4020 καί
332 3956 415 4038 πρὸς
443 3955 579 4040 γενείου]
607 3957 652 4038 μὴ
677 3955 763 4038 ’πρὸς
793 3958 910 4038 γενείου
932 3956 1040 4020 Kirch.
1079 3957 1183 4022 Recte.
1231 3955 1288 4032 Qu.

62 4045 115 4108 ναί
141 4046 219 4127 πρὸς
242 4048 369 4128 γενείου.

160 4155 228 4217 228.
251 4153 372 4238 λαβών]
405 4153 511 4236 λαβεῖν
543 4153 650 4217 Elmsl.
690 4154 795 4217 Recte.
835 4154 879 4218 01.
907 4152 1001 4218 Here.
1027 4155 1099 4218 608.
1132 4155 1192 4217 οὐκ
1225 4154 1288 4216 ‹irt-
1315 4205 1317 4212 ,

63 4241 165 4323 μάσω
184 4242 189 4326 Ι
208 4244 304 4314 θεοὺς
326 4249 508 4325 προσειπεῖν
530 4249 641 4326 πρῶτα
666 4243 739 4313 τοὺς
761 4243 840 4306 κατὰ
865 4245 981 4325 στέγας.
1007 4243 1197 4327 80111100.
1216 4242 1288 4305 286.

63 4331 154 4413 μηδέ
177 4356 240 4414 μου
269 4334 353 4414 κάρα
379 4369 419 4378 —-
444 4334 579 4414 εἰσορῶν
602 4333 631 4412 (l.
656 4334 792 4414 εἰσορᾶν)
815 4333 975 4415 ἀτιμάσῃς.
1004 4333 1117 4396 Aesch.
1141 4331 1190 4396 Fr.
1216 4333 1288 4394 255.

63 4418 95 4482 ‹i›
121 4419 391 4495 cdvazccdraze,
418 4424 464 4505 μή
487 4421 522 4504 μ’
547 4423 699 4505 ἀτιμάσῃς
722 4424 836 4504 μολεῖν.
927 4422 1039 4506 χέρας]
1067 4428 1173 4504 χεῖρας
1202 4421 1291 4484 malit

64 4509 237 4575 11111111.σά
261 4511 343 4575 Meu.
368 4513 418 4576 88.

1057 4623 1076 4680 8
