3346 5218
337 435 380 507 48
857 453 1039 508 aaronem

428 622 521 686 1401.
545 625 603 686 νύν
626 645 687 705 σφε
709 622 897 705 πραοαυδᾷς
921 621 990 707 -,·]
1016 621 1059 686 cf.
1086 619 1182 686 Arist
1206 617 1253 686 Pl.
1279 619 1353 686 934.
1377 621 1444 686 νυνί
1464 619 1561 704 βοᾷς,·

336 713 394 796 Eq.
419 713 491 776 671.
516 713 584 776 νυνὶ
606 713 677 793 περὶ
700 713 867 788 οπονὸῶν,·

427 803 521 865 1402.
546 802 622 866 Post
644 803 857 883 ἀπωσάμενος
879 802 1138 885 interrogandum
1163 809 1217 866 ost

428 892 521 954 1408.
546 891 612 954 ἀλλ’
636 891 756 955 ὁπόσον
780 890 868 974 γοῦν]
893 891 959 954 ἀλλ’
983 891 1104 954 ὁπόσον
1121 891 1149 972 γ’
1166 889 1223 955 οὖν
1247 893 1372 974 (“quod
1398 892 1478 956 valet
1492 891 1562 953 ἀλλ’

337 979 395 1045 οὗν
418 981 539 1044 ὁπόσον
563 980 654 1062 γε”λ)
678 981 794 1044 frustra
817 981 997 1044 Elnrsleius

429 1072 520 1134 1409.
546 1069 706 1144 ἐπιδεάζω
729 1070 969 1152 μαρτυρόμενος
994 1069 1158 1154 δαίμονας]
1182 1071 1373 1144 κάπιδεάζω
1391 1108 1431 1116 -
1448 1069 1564 1132 Bromi.

337 1160 376 1222 ad
392 1159 467 1223 Cho.
479 1161 553 1222 843.
570 1158 614 1222 Ol.
625 1159 738 1222 Aesch.
756 1158 831 1223 Cho.
843 1161 915 1222 843.
933 1159 996 1222 Ζεῦ
1014 1159 1090 1232 Ζεῦ,
1114 1161 1143 1221 τί
1155 1160 1237 1240 λέγω
1244 1183 1255 1236 ,·
1270 1159 1374 1223 πόθεν
1389 1160 1541 1242 ἄρξωμαι
1560 1210 1563 1240 ,

336 1249 404 1312 τάδ’
429 1249 625 1331 ἐπευχομένη
654 1249 887 1322 κάπιδοάζουο’
917 1249 1156 1328 (κάπιδεάζουσ’
1185 1254 1271 1312 recte
1300 1248 1432 1326 Blomll.
1463 1249 1566 1312 Thuc.

337 1337 424 1402 VIII.
442 1340 491 1401 53.
506 1337 724 1419 Εὐμολπιδῶν
740 1375 779 1382 -
797 1339 1051 1420 μαρτυρομένων
1068 1337 1121 1400 καί
1140 1338 1384 1411 ἐπιδειαζόντων
1408 1338 1438 1418 (1.
1451 1338 1567 1414 ἔπιδε.)

336 1428 381 1509 μὴ
406 1428 557 1508 κατάγειν.
584 1426 653 1489 Vll.
672 1430 721 1489 75.
746 1428 806 1490 οὐκ
830 1427 905 1489 ἄνευ
933 1428 1049 1508 ὀλίγων
1076 1428 1294 1509 ἐπιδειοσμῶν
1322 1427 1350 1506 (l.
1374 1427 1483 1504 ἔπιδε]
1509 1429 1568 1490 καὶ

337 1518 480 1598 οἰμωγῆς
504 1517 756 1597 ἀπολειπόμενοι.
781 1515 860 1580 Plaa
877 1516 1010 1580 Plraadr.
1027 1518 1077 1579 40.
1102 1516 1121 1579 ὁ
1145 1517 1180 1580 δὲ
1203 1517 1412 1598 ἀναγκάζεται
1435 1517 1569 1580 διώκειν

337 1607 525 1686 ἀγανακτῶν
548 1606 602 1668 καὶ
625 1606 811 1680 ἐπιδεάζων.
850 1605 993 1670 Pliorecr.
1017 1605 1058 1669 ΙΙ.
1083 1608 1155 1668 314.
1179 1607 1310 1687 ὕστερον
1332 1599 1443 1688 ὁρᾶται
1466 1606 1568 1668 κάπι-

336 1695 444 1768 ύεόζει
459 1703 504 1776 τῷ
520 1697 621 1776 πατρί.
645 1693 785 1777 Hesych.
802 1695 973 1768 ἐπιδεάζειι
990 1695 1088 1765 δεοὺς
1103 1695 1297 1758 ἐπικαλεῖται.
1318 1696 1364 1759 Id.
1375 1696 1568 1765 ἕπιδεάσαςε

336 1785 577 1866 κατευξάμενος.
666 1785 741 1847 τάδε
763 1785 816 1846 καὶ
839 1783 965 1868 δρηνῶ]
995 1781 1052 1860 Qu.
1076 1783 1144 1848 τάδ’
1168 1783 1232 1865 ἐγὼ
1255 1785 1383 1867 δρηνῶ,
1412 1791 1467 1848 aut
1486 1787 1570 1848 τάδε

336 1874 451 1955 θρηνῶ
475 1874 547 1954 ἐγώ.

428 1965 521 2026 1413.
546 1963 663 2045 ὄφελον
688 1963 789 2026 Bentl.
818 1962 903 2045 prob.
928 1961 1037 2026 Elmsl.
1064 1964 1097 2026 in
1123 1961 1158 2037 Q.
1181 1963 1258 2028 Rev.
1282 1961 1372 2025 XIV.
1395 1963 1469 2026 456.
1521 1962 1571 2026 Cf.

337 2052 377 2115 ad
400 2051 485 2116 Pers.
511 2054 583 2114 917.
622 2053 750 2134 ὤφελον
771 2054 774 2132 ]
795 2052 830 2114 ἐκ
859 2059 916 2115 σοῦ
941 2051 1058 2134 Musgr.
1082 2052 1169 2116 Pars.
1208 2051 1312 2131 (“Cau
1334 2051 1416 2133 πρὸς
1439 2058 1498 2116 σοῦ
1527 2053 1572 2117 be.

337 2141 522 2205 considered
551 2162 585 2205 as
613 2161 632 2204 a
654 2141 739 2226 gloss
766 2142 815 2204 for
842 2143 877 2204 ἐκ
901 2141 1008 2205 σοῦ1”
1037 2140 1156 2219 Elmsl.)
1195 2138 1238 2204 uf.
1262 2143 1321 2224 Ag.
1350 2143 1442 2204 1561.
1470 2148 1572 2206 τοῦτο

337 2231 419 2312 πρὸς
451 2233 546 2313 ἡμῶν
578 2233 734 2304 κάππεσε,
767 2231 914 2294 κάτύανε.
961 2231 1058 2294 “Non
1091 2231 1259 2315 indignum
1292 2237 1375 2294 essct
1406 2231 1572 2314 Euripide

337 2323 394 2390 οὓς
416 2322 532 2402 μήποτ’
556 2321 620 2401 ἐγὼ
644 2321 749 2402 φύσας
772 2321 790 2383 ὁ
814 2321 907 2390 τάλας
928 2320 931 2402 ]
952 2320 1080 2402 ὤφελον
1103 2321 1210 2390 ὄσσοις
1231 2323 1235 2402 ]
1255 2320 1337 2403 πρὸς
1361 2325 1420 2384 σοῦ
1442 2321 1570 2402 φθιμέ-

337 2433 414 2479 νους
437 2410 608 2473 ἕπιδέσδω.
655 2409 730 2492 Sed,
754 2429 818 2491 quo
833 2409 958 2473 facilins
975 2417 1023 2472 cst
1046 2410 1123 2491 quid
1142 2409 1281 2473 scribere
1297 2411 1436 2493 potuerit
1460 2419 1594 2493 poeta·

339 2519 376 2563 eo
401 2497 563 2561 difficilius
586 2507 633 2562 ost
657 2499 733 2581 quid
758 2518 868 2563 revera
890 2499 1063 2582 scripserit,
1087 2497 1273 2581 conjicere.’'
1297 2497 1428 2579 (Elmsl.)

429 2589 522 2650 1415.
551 2588 679 2651 πολλῶν
706 2589 818 2669 ταμίας
846 2588 927 2658 Ζεύς
955 2589 988 2651 ἐν
1008 2587 1180 2670 Ὀλύμπῳ]
1209 2588 1321 2650 πολλαὶ
1348 2588 1474 2670 μορφαὶ
1499 2595 1573 2652 τῶν

339 2677 512 2758 δαιμονίων
535 2685 582 2741 est
597 2679 630 2740 in
650 2677 823 2756 Alcestido,
847 2677 1084 2760 Andromache,
1109 2676 1255 2759 Bacchis,
1272 2685 1304 2740 et
1318 2676 1458 2760 Helena,
1483 2697 1572 2760 quae

338 2766 463 2829 tabulae
486 2767 597 2830 iisdem
623 2769 830 2850 anapaesticis
853 2766 1054 2829 clauduntur.

430 2855 522 2918 1418.
546 2861 610 2918 τῶν
634 2855 663 2918 δ’
687 2857 855 2937 ἀδοκήτων
870 2856 985 2940 πόρον]
1003 2854 1047 2918 Of.
1064 2857 1132 2918 Alc.
1150 2857 1222 2918 211.
1238 2857 1282 2926 τίς
1298 2857 1337 2920 ἄν
1352 2880 1424 2926 πως
1439 2857 1549 2938 πόρος
1567 2930 1570 2942 Ι

338 2968 450 3007 κοκων
473 2947 608 3025 γένοιτο,·

791 3408 1108 3474 HIPPOLYTUS.

429 3574 456 3634 3.
481 3571 621 3655 Πόντου]
639 3573 761 3636 Pontus
777 3569 926 3634 Euxinus
941 3571 1143 3652 intelligitur,
1166 3577 1202 3633 ut
1217 3571 1446 3634 intellexerunt
1462 3570 1570 3636 Schol.

339 3658 456 3742 Musgr.
490 3659 651 3740 Wyttcnb.
686 3660 748 3724 alii.
802 3660 845 3723 Cl'.
881 3661 974 3723 1056.
1007 3661 1108 3742 πέραν
1141 3683 1174 3740 γε
1208 3658 1337 3723 Πόντου
1370 3659 1424 3723 καὶ
1456 3662 1570 3726 τάττων

335 3749 548 3813 Ἀτλαντικῶν.
572 3748 665 3813 Herc.
683 3752 755 3812 234.
769 3750 974 3812 Ἀτλαντικῶν
990 3751 1071 3830 πέρα
1088 3751 1214 3831 φεύγειν
1230 3749 1326 3830 ὅρων.
1350 3747 1429 3812 Plat.
1446 3749 1568 3814 Piraeo.

339 3857 367 3919 p.
387 3838 448 3900 109
461 3837 495 3900 Β.
519 3840 604 3921 ἡμᾶς
628 3841 723 3903 οἰκεῖν
746 3839 819 3908 τοὺς
841 3841 951 3921 μέχρις
971 3837 1168 3920 Ἡρακλείων
1192 3838 1315 3920 στηλῶν
1338 3838 1403 3901 άπδ
1424 3837 1568 3910 Φάσιδος

338 3927 372 3988 ἐν
395 3935 521 4009 σμικρῴ
543 3929 598 3991 τινί
621 3931 740 4010 μορίῳ,
765 3941 821 3991 ete.
855 3928 930 4008 (Ubi
956 3948 982 3989 V.
1009 3927 1183 4009 wyttenb.)
1222 3929 1334 3990 Aeseh.
1360 3925 1464 3990 Proui.
1491 3931 1567 3993 348.

332 4017 509 4089 Ἄτλαντος,
534 4019 569 4088 ὃς
592 4017 673 4099 πρὸς
696 4019 849 4099 ἑσπέρους
871 4017 988 4087 τόπους
1009 4019 1012 4099 ]
1034 4019 1156 4099 ἕστηκε,
1184 4015 1263 4080 κίον’
1287 4017 1428 4098 ούρανοῦ
1456 4041 1489 4082 τε
1513 4020 1568 4082 καὶ

338 4106 459 4188 χδονδς
480 4105 483 4187 ]
504 4108 608 4188 ῶμοιν
631 4107 770 4188 ἐρείδων.
801 4108 895 4169 Arist.
920 4107 1013 4189 Vesp.
1040 4108 1110 4169 700.
1136 4105 1278 4170 ἀπὸτοῦ
1302 4105 1430 4168 Πόντου
1452 4109 1568 4190 μέχρις

338 4195 497 4276 Σαρδοῦς.
540 4199 662 4260 Auctor
689 4195 761 4258 libri
791 4196 829 4260 de
854 4195 973 4260 Mundo
998 4195 1054 4258 111.
1080 4197 1107 4257 9.
1136 4195 1281 4277 Εὐρώπη
1309 4195 1369 4276 μὲν
1397 4193 1456 4257 οὗν
1486 4197 1568 4260 ἐστιν

339 4282 377 4366 ἧς
400 4285 471 4366 ὁροι
494 4286 604 4366 κύκλῳ
627 4286 736 4367 στῆλαί
758 4309 790 4347 τε
809 4284 1005 4365 Ἡρακλέους
1028 4286 1081 4347 καί
1108 4287 1205 4367 μυχοὶ
1234 4283 1369 4347 Πόντου.
1409 4283 1568 4349 Similiter

339 4373 455 4436 Juvon.
478 4373 519 4436 X.
547 4377 572 4437 1.
606 4373 775 4438 ‘Omnibus
811 4376 845 4437 in
878 4376 969 4438 terris
1007 4393 1087 4456 quae
1124 4379 1199 4436 sunt
1235 4395 1254 4436 a
1286 4371 1428 4435 Gadibus
1461 4393 1567 4458 usquc

339 4464 451 4542 (usquo
473 4464 510 4524 ad
518 4466 544 4542 l)
565 4469 570 4544 Ι
592 4465 748 4527 Auroram
773 4469 804 4527 et
820 4463 962 4544 Gangem
987 4463 1079 4545 pauci
1103 4462 1289 4545 dignoscere
1310 4469 1443 4545 possunt
1462 4465 1468 4545 Ι
1493 4485 1568 4528 vera

340 4549 440 4614 bona'
479 4551 600 4616 Redde:
627 4563 663 4616 ot
686 4553 1049 4635 quotquotPontum
1065 4551 1358 4632 Atlanticosque
1375 4555 1569 4620 terminos
