3346 5218
553 1188 1003 1276 PRAEFATIO.

697 1365 856 1376 -ψ

252 1526 387 1590 Plurimi
419 1525 496 1589 anni
529 1529 605 1590 sunt
637 1544 678 1590 ex
711 1545 774 1609 quo
806 1527 863 1591 has
896 1526 1132 1592 observationes
1164 1526 1197 1589 in
1227 1524 1390 1608 Euripidis

162 1633 287 1698 fabulas
311 1631 448 1698 scribere
477 1637 509 1698 et
535 1631 683 1718 colligere
707 1635 804 1718 coepi.
851 1633 890 1697 In
913 1635 967 1718 iis,
1001 1641 1036 1697 ut
1067 1633 1167 1714 soleo,
1199 1637 1324 1698 textum
1356 1632 1390 1694 in

162 1742 310 1828 plurimis
333 1741 410 1804 locis
433 1745 617 1825 corruptum
634 1741 804 1805 emendare
819 1742 928 1806 studui
944 1740 1114 1806 collatione
1136 1741 1280 1806 locorum
1303 1739 1391 1802 simi-

163 1851 242 1914 lium
275 1849 377 1933 ipsius
409 1849 546 1912 auctoris
578 1849 673 1932 iacta,
711 1868 793 1932 quae
830 1851 988 1914 tutissima
1024 1848 1218 1914 emendandi
1250 1848 1302 1910 via
1334 1851 1390 1928 est,

161 1959 285 2022 ratione
307 1955 454 2020 codicum
478 1973 575 2018 manu
599 1957 789 2040 scriptorum
813 1957 986 2022 lectionum
1010 1975 1134 2040 semper
1156 1954 1277 2038 habita,
1304 1953 1390 2018 unde

162 2073 271 2129 tamen
303 2082 416 2146 parum
449 2062 562 2126 auxilii
595 2062 806 2127 derivandum
838 2069 898 2146 est,
934 2066 1050 2148 partim
1083 2064 1158 2146 quia
1189 2063 1283 2146 pauci
1316 2065 1392 2124 sunt

165 2172 289 2236 codices
313 2170 370 2254 qui
402 2174 585 2254 supersunt,
616 2173 730 2255 partim
759 2173 835 2253 quia
857 2171 1044 2255 corruptelis
1067 2170 1090 2233 ii
1114 2173 1242 2234 scatent
1289 2168 1391 2232 Valde

166 2285 268 2342 auteur
293 2276 468 2342 dolendum
491 2283 539 2342 est
560 2277 687 2342 nullum
712 2278 773 2342 hoc
788 2279 917 2342 nomine
940 2278 1073 2362 dignum
1097 2283 1207 2341 extare
1228 2275 1391 2361 Euripidis

166 2383 308 2450 lexicon
336 2385 444 2468 qualia
466 2386 621 2468 Aeschyli
648 2390 679 2450 et
702 2383 866 2470 Sophoclis
889 2391 921 2450 et
944 2385 1151 2469 Tragicorum
1174 2384 1391 2449 (lomicorum-

166 2513 225 2576 que
248 2491 513 2576 Fragmentorum
545 2492 706 2556 habemus.
753 2491 844 2556 Bona
875 2498 1036 2577 praeterea
1068 2491 1235 2575 Herodoti,
1267 2492 1392 2572 Thucy-

165 2601 262 2681 didis,
285 2599 433 2683 Hesiodi,
456 2600 627 2665 Poetarum
644 2599 846 2682 Lyricorum,
864 2601 1034 2665 Poetarum
1050 2600 1288 2682 Bucolicorum,
1316 2600 1392 2663 alio·

162 2727 300 2792 rumque
316 2708 506 2792 scriptorum
522 2706 693 2791 proborum
716 2705 835 2772 Lexica
859 2707 1083 2772 desideramus.
1129 2707 1195 2770 Vix
1218 2708 1302 2770 enim
1329 2707 1392 2770 dici

163 2821 268 2899 potest
291 2820 446 2899 quantum
474 2814 514 2878 ad
535 2812 669 2897 alicujus
688 2815 851 2899 scriptoris
874 2816 997 2898 antiqui
1030 2815 1284 2880 emendationem
1317 2833 1392 2878 con-

164 2924 245 2987 ferat
285 2921 429 2986 Lexicon
470 2921 620 2986 dictionis
661 2923 729 3004 ejus
770 2927 916 2987 accurate
954 2921 1142 2988 confectum.
1207 2919 1278 2985 Hoc
1324 2920 1391 3005 ipse

166 3035 315 3115 expertus
348 3031 431 3114 dico,
465 3049 565 3112 quum
597 3031 630 3093 in
665 3032 825 3097 sexcentis
857 3031 935 3095 locis
963 3049 1054 3095 veras
1082 3031 1156 3096 inde
1184 3031 1263 3094 mihi
1286 3032 1392 3113 conje-

169 3145 270 3203 cturas
303 3139 417 3204 elicere
449 3143 482 3203 et
513 3142 637 3202 textum
670 3139 832 3223 scriptoris
864 3139 1030 3204 restituere
1054 3139 1231 3222 contigerit.
1281 3139 1393 3221 Itaque

170 3249 373 3312 vehementer
405 3247 578 3332 optandum
613 3252 662 3311 est
698 3247 837 3330 aliquem
875 3248 930 3331 qui
963 3249 1026 3313 ctio
1063 3248 1181 3311 fruitur
1216 3246 1277 3310 hoc
1313 3266 1393 3330 opus

168 3360 388 3440 suscepturum
412 3372 488 3419 esse.

254 3460 342 3525 Utile
373 3466 536 3546 praeterea
568 3461 648 3526 duri
679 3461 747 3526 fure
784 3463 811 3526 si
843 3461 929 3526 locos
967 3461 1179 3545 obscuriores,
1217 3461 1393 3526 locutiones

167 3573 197 3634 et
219 3570 472 3634 constructiones
488 3569 706 3652 notabiliores,
729 3575 761 3634 et
776 3567 932 3634 vocabula
947 3571 1066 3634 rariora
1082 3569 1237 3653 exemplis
1260 3567 1300 3633 ab
1323 3569 1392 3652 ipso

167 3683 257 3762 poeta
280 3681 336 3741 aut
357 3676 486 3741 aliunde
509 3678 615 3761 petitis
637 3676 837 3742 illustrarem.

254 3783 356 3848 Doleo
380 3802 443 3849 non
469 3791 542 3849 ante
564 3785 650 3848 hunc
673 3803 793 3849 annum
818 3785 996 3850 innotuisse
1018 3785 1097 3848 milri
1118 3783 1280 3869 Euripidis
1303 3785 1394 3849 iabu-

168 3893 269 3956 larum
286 3892 460 3956 editionem
480 3892 624 3956 criticam
647 3893 937 3957 commodissimam
962 3899 993 3958 et
1016 3892 1230 3976 utilissimam,
1251 3892 1393 3956 nondum

168 4006 273 4064 tamen
290 3997 330 4061 ad
345 3997 442 4062 finem
458 3998 650 4082 perductam,
670 4017 765 4081 quam
781 3999 877 4064 hodie
893 4005 1006 4063 curant
1024 3997 1060 4062 R.
1076 3998 1173 4063 Prinz
1190 4004 1221 4064 et
1229 3999 1268 4063 N.
1278 4000 1394 4064 Wech-

167 4108 230 4172 lein
264 4106 359 4191 (apud
390 4105 547 4171 Teubner.
580 4105 722 4191 Lipsiae).
768 4106 807 4170 In
840 4105 957 4190 quibus
993 4107 1111 4170 fabulis
1143 4125 1180 4170 ea
1212 4126 1291 4171 usus
1322 4127 1394 4170 sum

167 4215 305 4280 fructum
327 4232 393 4278 nou
417 4215 570 4298 exiguum
595 4215 751 4280 derivavi:
776 4234 842 4278 non
857 4214 951 4278 modo
972 4216 1060 4278 enim
1080 4213 1226 4279 codicum
1241 4214 1394 4279 lectiones
1417 4235 1420 4240 ·

167 4323 249 4388 inira
276 4329 402 4388 textum
426 4327 573 4389 accurate
596 4322 803 4405 exhibentur,
835 4322 891 4388 sed
918 4321 1146 4406 probabiliores
1169 4323 1311 4386 virorum
1340 4321 1395 4386 do-

169 4437 289 4496 ctorum
314 4431 515 4512 conjecturae
539 4429 682 4513 undique
705 4430 854 4496 collectae
877 4431 1037 4514 appositae
1060 4435 1148 4513 snut,
1170 4430 1216 4494 ita
1238 4434 1275 4493 ut
1296 4429 1396 4494 lector

169 4541 273 4606 statim
296 4538 367 4604 sine
390 4537 454 4601 ulla
477 4539 561 4601 mole
576 4557 612 4602 ac
632 4537 740 4603 labore
756 4543 862 4602 textus
878 4538 1091 4604 conditionem
1110 4538 1231 4603 discere
1248 4543 1349 4621 queat
