3258 5200
644 494 828 540 Ητενοτπτυε
1309 478 1347 540 71

215 655 287 717 909.
312 655 387 717 ὅταν
410 655 528 737 ταράξῃ
552 653 677 736 Κύπρις
692 656 825 737 ἡβῶσαν
841 654 955 738 φρένα]
980 654 1024 718 01.
1042 653 1090 717 Fr.
1108 656 1183 736 431,
1200 657 1227 718 3.
1244 655 1352 738 Ἔρως

114 783 161 790 -
189 745 244 806 καὶ
267 744 356 806 θεῶν
379 745 447 807 ἄνευ
469 743 473 826 ]
493 743 601 825 ψυχὰς
623 745 769 825 ταράσσει
793 745 959 826 (χαράσσει
984 745 1064 809 male
1088 744 1192 828 vulg).

215 835 288 896 974.
309 833 447 915 Ἀθήνας
471 834 525 903 τὰς
548 833 765 917 θεοδμήτους]
790 832 834 897 01
860 833 926 915 1ρ1ι.
943 834 974 896 T.
994 835 1087 896 1449.
1112 833 1205 918 Suph.
1219 833 1350 898 111707.

109 925 270 1005 Ἀθηνῶν
293 929 357 985 τῶν
381 923 580 1004 θεοδμήτων.

216 1013 290 1074 978.
315 1011 392 1074 ἀλλὰ
416 1013 593 1093 κομπάζειν
615 1011 730 1096 μάτην]
755 1009 829 1074 Sub.
853 1013 954 1095 φήσει.

214 1102 287 1163 919.
312 1101 524 1182 Σκειρωνίδες
538 1137 575 1146 —-
587 1099 711 1184 πέτραι]
738 1099 781 1163 01.
797 1102 890 1163 1208.
907 1101 1091 1183 Σκείρωνος
1107 1103 1216 1184 ἄκρας.
1241 1099 1350 1166 Senec.

111 1191 218 1274 Hipp.
247 1191 341 1253 1023.
365 1189 484 1273 ‘petrae
507 1190 631 1254 nobiles
654 1189 856 1254 Scironides)

214 1280 287 1342 982.
311 1278 348 1342 τὰ
381 1279 441 1361 γὰρ
475 1279 513 1362 δή
538 1279 638 1361 πρῶτ’
663 1279 870 1360 ἀνέστραπται
901 1280 1006 1364 πάλιν]
1038 1278 1074 1342 τὰ
1099 1279 1160 1363 γὰρ
1184 1280 1224 1364 δῆ
1250 1280 1354 1343 ὀτῶτ’-

112 1407 158 1418 -
189 1368 307 1432 Nuber.

213 1459 288 1521 983.
313 1459 456 1531 ξύστασις
481 1495 520 1503 -
546 1457 686 1541 φρενῶν]
721 1456 767 1521 01.
791 1458 859 1521 Alc.
885 1458 957 1522 813.
985 1465 1040 1522 τοῦ
1055 1463 1122 1522 ’νῦν
1149 1459 1350 1540 σκυθρωποῦ

112 1549 173 1612 καὶ
193 1551 388 1621 ξυνεστῶτος
411 1553 548 1630 φρενῶν.
640 1546 795 1630 ξύσταοις]
820 1548 962 1617 σύντασις
985 1547 1091 1612 Herw.
1116 1548 1153 1610 ad
1171 1545 1206 1610 O.
1223 1547 1259 1611 R.
1277 1548 1350 1610 810.

214 1638 288 1699 988.
312 1638 373 1718 ἔχει
398 1637 432 1699 δὲ
455 1643 571 1718 μοῖραν
594 1637 647 1700 καὶ
663 1635 745 1722 τόδ’]
770 1635 840 1700 Scd
866 1643 901 1699 ct
924 1637 1012 1700 huic
1036 1657 1127 1700 suus
1151 1637 1272 1700 honor
1296 1647 1352 1700 cst

110 1727 231 1806 (Rost).
332 1724 465 1809 μοῖραν]
490 1725 602 1808 καιρὸν
626 1724 731 1789 Herw.
756 1725 793 1788 ad
820 1723 854 1790 Ο.
875 1725 910 1788 R.
936 1727 1008 1789 591.
1042 1725 1110 1788 coll.
1135 1725 1252 1789 Phocn.
1277 1729 1350 1788 474.

110 1815 261 1898 Anglicc
285 1814 503 1897 advantage.
595 1816 626 1878 σῖ
648 1814 709 1896 γὰρ
737 1815 770 1877 ἐν
794 1821 906 1896 σοφοῖς
934 1815 1050 1897 φαῦλοι
1075 1814 1132 1899 -]
1162 1813 1206 1877 01.
1232 1815 1349 1879 Phoen.

109 1907 194 1968 506.
220 1904 275 1967 καὶ
298 1910 411 1986 σοφοῖς
431 1903 435 1986 ]
456 1905 509 1967 καὶ
531 1910 607 1968 τοῖσι
630 1905 764 1986 φαύλοις
787 1903 884 1986 ἔνδιχ’

214 1995 287 2056 991.
312 1993 458 2074 γλῶσσάν
479 1994 514 2074 μ’
539 1993 679 2077 ἀφεῖναι]
704 1993 856 2057 Similiter
878 1994 943 2058 fera
962 1993 1120 2076 8ορ1ι.Α].
1138 1993 1229 2056 1225.
1255 1993 1350 2075 δῆλος

109 2086 150 2148 δέ
175 2083 295 2167 μούστὶ
318 2081 429 2146 σκαιὸν
452 2083 595 2146 cuicum
618 2083 727 2164 στόμα.

213 2173 287 2235 992.
311 2172 389 2235 ὅθεν
404 2171 439 2253 μ’
457 2172 597 2254 ὑπῆλθες
612 2177 741 2252 πρῶτον
751 2172 798 2242 ὡς
814 2172 1002 2254 διαφθερῶν
1022 2174 1026 2254 Ι
1047 2173 1129 2234 κούκ
1145 2171 1349 2256 ἀντιλέξονθ]

108 2264 163 2327 Dc
202 2269 364 2325 structura
401 2261 451 2324 adi
487 2259 592 2324 Cobet.
626 2259 663 2324 N.
691 2259 724 2323 L.
753 2282 782 2345 p.
812 2262 899 2342 239,
937 2261 991 2323 ubi
1030 2261 1176 2345 exempla
1213 2260 1349 2324 adducit.

160 2349 327 2433 ὑπῆλθες]
352 2350 488 2432 ἐπῆλθες
512 2348 629 2433 Musgr.

211 2442 287 2504 993.
311 2439 409 2522 κούκ]
434 2437 492 2515 Qu.
517 2440 585 2502 οὐκ.

213 2529 309 2592 1000.
334 2527 410 2612 οὐκ]
436 2526 495 2602 Qu.
519 2529 596 2592 οὐδ’.
687 2528 884 2612 ἐγγελσστῆς]
909 2527 952 2592 01.
977 2527 1013 2592 O.
1033 2529 1068 2593 R.
1097 2530 1188 2591 1422.

212 2619 309 2682 1001.
333 2618 399 2680 ἀλλ’
423 2617 518 2689 αὑτὸς
543 2616 599 2701 -]
634 2617 678 2680 01.
703 2618 811 2701 Suppl.
836 2619 908 2681 867.
942 2619 1033 2700 φίλος
1060 2619 1200 2700 παροῦσί
1219 2642 1251 2681 τε
1272 2617 1276 2700 Ι
1296 2618 1350 2680 καλ

105 2712 157 2794 μῆ
186 2714 362 2788 παροῦσιν·
386 2705 434 2771 ῶν
456 2706 595 2789 ἀριθμὸς
618 2708 657 2770 οὐ
681 2708 787 2777 πολύς.
860 2707 1013 2791 παροῦσι]
1038 2704 1095 2781 Qu.
1119 2708 1234 2788 παρών
1256 2731 1295 2770 τε.

213 2798 309 2859 1002.
333 2795 404 2866 ἑνὸς
424 2797 453 2858 δ’
469 2796 611 2880 ἄθικτος]
636 2795 681 2860 Cf.
698 2795 790 2879 Soph.
808 2794 842 2858 O.
860 2797 893 2859 0.
913 2797 1005 2858 1521.
1030 2797 1160 2865 ἄθικτος
1183 2797 1348 2879 ήγητῆρος.

214 2886 308 2949 1003.
332 2887 501 2968 λέχους-
519 2885 617 2968 ἁγνὸν
641 2885 751 2969 δέμας]
777 2885 820 2949 01
848 2885 918 2948 138.
943 2885 1111 2967 Δοματρδς
1134 2885 1230 2955 ἀκτᾶς
1251 2886 1349 2968 δέμας

106 2977 218 3060 ἁγνὸν
244 2977 348 3058 ἴσχειν.
388 2973 604 3038 Naumachius
627 2995 674 3058 up.
700 2973 784 3039 Stob.
802 2974 887 3038 Grut
904 2995 932 3056 p.
950 2976 1022 3036 278.
1046 2973 1145 3036 καλὸν
1167 2974 1226 3056 μὲν
1251 2975 1349 3056 δέμας

105 3067 217 3150 ἁγνὸν
243 3065 325 3146 ἔχειν
349 3064 474 3147 ἀδμήτα
497 3088 529 3128 τε
551 3065 700 3146 μίμνειν]
721 3065 927 3145 παρθενικήν.
1011 3065 1042 3132 ἐς
1057 3063 1123 3126 τόδ’
1141 3063 1278 3146 ἡμέρας]
1303 3063 1347 3126 01.

104 3159 241 3222 Phoan.
270 3154 362 3216 1085.
390 3153 456 3216 Alc.
483 3156 510 3216 9.
624 3153 721 3234 ἁγνὸν
750 3154 861 3235 δέμας,
888 3153 891 3236 ]
917 3153 998 3215 κούκ
1025 3152 1095 3216 οῖδα
1119 3156 1233 3232 πρᾶξιν
1256 3152 1349 3234 τήνδε

105 3244 242 3310 Wakef.
268 3241 297 3306 8.
321 3241 352 3306 0.
376 3243 464 3322 §41

212 3333 307 3395 1004.
332 3333 392 3395 οὐκ
417 3330 501 3414 οῖδα]
527 3331 636 3395 Malim
661 3332 730 3394 οὐδ’
756 3331 836 3394 οῖδα.
949 3329 1075 3414 πρᾶξιν]
1104 3332 1212 3412 τέρψιν
1236 3331 1348 3394 Christ.

106 3427 184 3488 Pat.
213 3423 287 3484 522.
328 3421 373 3485 01.
399 3422 513 3484 Aeacii.
538 3423 597 3504 Ag.
623 3421 696 3483 611.
721 3422 780 3484 οὒκ
805 3419 876 3484 olda
900 3421 1009 3500 τέρψιν
1033 3457 1087 3480 -.

214 3512 308 3574 1005.
342 3511 419 3574 οὐδὲ
450 3517 545 3573 ταῦτα
580 3510 641 3592 γὰρ
674 3508 820 3592 σκοπεῖν]
859 3510 934 3572 οὐδὲ
971 3508 1055 3571 ταῦτ’
1093 3510 1207 3582 ἀσκεῖν,
1240 3510 1348 3589 πάτερ,

102 3605 140 3668 F.
169 3601 227 3666 W.
254 3599 403 3664 Schmidt.
452 3598 510 3675 Qu.
544 3599 619 3662 οὐδὲ
651 3601 746 3662 ταῦτά
781 3623 814 3680 γε
843 3605 980 3670 σκοπεῖν,
1014 3599 1064 3661 vel
1093 3598 1168 3661 οὐδὲ
1195 3598 1290 3661 ταῦτά
1319 3597 1348 3679 γ’

102 3693 250 3762 εἰδέναι,
274 3691 324 3752 vci
349 3689 419 3752 οὐδ’
444 3689 627 3752 ἐπίστασθαι
650 3690 742 3751 πάνυ.

213 3779 306 3841 1006.
331 3778 496 3858 παρθένον
519 3777 639 3861 φυχῆν]
664 3778 708 3841 01.
733 3778 799 3841 Ion.
825 3778 897 3840 280.
922 3778 1105 3857 παρθένους
1127 3783 1240 3859 χεῖρας.

212 3869 307 3931 1009.
332 3867 561 3930 ἕκαλλιστεύετο
585 3866 644 3951 -]
670 3867 714 3931 01.
731 3867 901 3931 11100913.
925 3867 1047 3947 πέμηια)
1071 3866 1131 3946 γὰρ
1155 3868 1234 3948 αὐτῇ
1259 3866 1347 3946 δῶρ’,

101 3967 124 4026 ἃ
154 3958 391 4024 καλλιστεύεται
413 3957 416 4040 ]
436 3962 502 4020 τῶν
524 3963 580 4020 νῦν
604 3957 637 4019 ἐν
661 3957 887 4036 ἀνθρώποισιν.
913 3955 1026 4018 Bacch.
1052 3955 1125 4017 407.

211 4048 306 4111 1011.
331 4047 487 4129 ἔγκληρον
515 4046 608 4126 εὐνὴν
634 4045 691 4129 -]
725 4045 768 4108 01.
793 4046 860 4127 Iph.
883 4045 915 4107 T.
941 4047 1013 4107 082.
1047 4044 1200 4127 ἔγκληρον
1233 4045 1279 4113 ῶς
1307 4044 1346 4127 δή

102 4143 174 4224 σήν
197 4138 393 4218 κασιγνήτην
417 4141 538 4218 γαμῶν.
572 4134 666 4198 Herc.
690 4136 764 4197 408.
798 4134 936 4216 ἔγκληρα
969 4133 1061 4196 πεδία
1093 4133 1176 4214 τάμὰ
1210 4140 1267 4214 γῆς
1295 4157 1346 4196 κε-

101 4230 283 4312 κτημένος.

209 4317 305 4380 1012.
329 4315 463 4397 μάταιος
496 4312 546 4397 ἆρ’
580 4313 635 4396 ῆν]
674 4311 725 4395 ἆρ’
759 4313 777 4394 ἢ
811 4313 943 4395 μάταιος
975 4311 1006 4373 T.
1031 4310 1239 4374 Halbcitsma.
1289 4309 1346 4384 Qu

101 4406 251 4494 μάταιός
283 4407 345 4486 εἰμ’
374 4405 434 4486 ἄρ’,
469 4403 519 4467 vcl
551 4402 590 4485 ήν
617 4405 673 4465 τᾶν
695 4403 841 4484 μάταιος,
877 4402 926 4465 vcl
955 4402 1088 4482 μάταιος
1116 4399 1155 4482 ήν
1182 4401 1246 4462 τᾶν.
1285 4400 1347 4464 Sul

102 4503 147 4564 cf.
177 4497 237 4561 Ph.
263 4495 335 4558 506.
360 4493 520 4574 ὀδυνηρὸς
543 4491 594 4573 ἆρ’
619 4493 637 4554 ὁ
660 4491 796 4562 πλοῦτος
821 4531 875 4553 —.
968 4491 1114 4571 οὐδαμοῦ
1140 4527 1181 4534 -
1206 4489 1347 4574 φρενῶν]

103 4591 156 4655 01.
184 4586 280 4668 Soph.
304 4583 352 4648 El.
379 4583 451 4647 390.
476 4588 539 4645 ποῦ
563 4581 632 4645 ποτ’
657 4580 685 4644 εἶ
706 4587 851 4663 φρενῶν,·
1032 4579 1036 4588 ’
